<?xml version="1.0" encoding="UTF-8"?>
<!DOCTYPE html PUBLIC "-//W3C//DTD XHTML 1.0 Transitional//EN"
    "http://www.w3.org/TR/xhtml1/DTD/xhtml1-transitional.dtd">
<html xmlns="http://www.w3.org/1999/xhtml" xml:lang="en" lang="en">
 <head>
  <title>
</title>
<meta http-equiv="Content-Type" content="text/html;charset=utf-8" />
  <meta name='ocr-system' content='tesseract 3.04.00' />
  <meta name='ocr-capabilities' content='ocr_page ocr_carea ocr_par ocr_line ocrx_word'/>
</head>
<body>
  <div class='ocr_page' id='page_1' title='image "./constitutioreiur02paul_0284.png"; bbox 0 0 1669 3189; ppageno 0'>
   <div class='ocr_carea' id='block_1_1' title="bbox 732 175 1072 224">
    <p class='ocr_par' dir='ltr' id='par_1_1' title="bbox 732 175 1072 224">
     <span class='ocr_line' id='line_1_1' title="bbox 732 175 1072 224; baseline 0.003 -16"><span class='ocrx_word' id='word_1_1' title='bbox 732 196 801 208; x_wconf 49' lang='lat' dir='ltr'>m..</span> <span class='ocrx_word' id='word_1_2' title='bbox 861 175 944 224; x_wconf 66' lang='lat'>6¹4</span> <span class='ocrx_word' id='word_1_3' title='bbox 1002 198 1072 209; x_wconf 43' lang='lat' dir='ltr'>a..</span> 
     </span>
    </p>
   </div>
   <div class='ocr_carea' id='block_1_2' title="bbox 224 275 1608 346">
    <p class='ocr_par' dir='ltr' id='par_1_2' title="bbox 224 275 1608 346">
     <span class='ocr_line' id='line_1_2' title="bbox 224 275 1608 346; baseline 0.003 -19"><span class='ocrx_word' id='word_1_4' title='bbox 224 290 453 339; x_wconf 73' lang='lat' dir='ltr'>tractent,</span> <span class='ocrx_word' id='word_1_5' title='bbox 488 290 538 327; x_wconf 84' lang='lat' dir='ltr'>ut</span> <span class='ocrx_word' id='word_1_6' title='bbox 567 284 685 326; x_wconf 78' lang='lat' dir='ltr'>haec</span> <span class='ocrx_word' id='word_1_7' title='bbox 717 281 943 327; x_wconf 87' lang='lat' dir='ltr'>omnibus</span> <span class='ocrx_word' id='word_1_8' title='bbox 978 299 1072 327; x_wconf 91' lang='lat' dir='ltr'>una</span> <span class='ocrx_word' id='word_1_9' title='bbox 1096 283 1362 346; x_wconf 79' lang='lat' dir='ltr'>eademque</span> <span class='ocrx_word' id='word_1_10' title='bbox 1383 275 1608 331; x_wconf 79' lang='lat' dir='ltr'>mensura</span> 
     </span>
    </p>
   </div>
   <div class='ocr_carea' id='block_1_3' title="bbox 220 365 1605 490">
    <p class='ocr_par' dir='ltr' id='par_1_3' title="bbox 220 365 1605 490">
     <span class='ocr_line' id='line_1_3' title="bbox 220 365 605 408; baseline -0.008 0"><span class='ocrx_word' id='word_1_11' title='bbox 220 365 605 408; x_wconf 73' lang='lat' dir='ltr'>administretur.</span> 
     </span>
     <span class='ocr_line' id='line_1_4' title="bbox 346 439 1605 490; baseline 0.002 -5"><span class='ocrx_word' id='word_1_12' title='bbox 346 443 403 485; x_wconf 89' lang='lat' dir='ltr'>Et</span> <span class='ocrx_word' id='word_1_13' title='bbox 440 442 547 485; x_wconf 88' lang='lat' dir='ltr'>ideo</span> <span class='ocrx_word' id='word_1_14' title='bbox 576 439 665 485; x_wconf 87' lang='lat' dir='ltr'>nisi</span> <span class='ocrx_word' id='word_1_15' title='bbox 690 441 739 486; x_wconf 90' lang='lat' dir='ltr'>in</span> <span class='ocrx_word' id='word_1_16' title='bbox 769 458 821 486; x_wconf 86' lang='lat' dir='ltr'>re</span> <span class='ocrx_word' id='word_1_17' title='bbox 851 441 997 486; x_wconf 84' lang='lat' dir='ltr'>etiam</span> <span class='ocrx_word' id='word_1_18' title='bbox 1031 441 1268 487; x_wconf 81' lang='lat' dir='ltr'>urbariali</span> <span class='ocrx_word' id='word_1_19' title='bbox 1302 442 1421 488; x_wconf 81' lang='lat' dir='ltr'>haec</span> <span class='ocrx_word' id='word_1_20' title='bbox 1449 445 1605 490; x_wconf 82' lang='lat' dir='ltr'>ohser-</span> 
     </span>
    </p>
   </div>
   <div class='ocr_carea' id='block_1_4' title="bbox 206 520 1669 2743">
    <p class='ocr_par' dir='ltr' id='par_1_4' title="bbox 213 520 1669 1210">
     <span class='ocr_line' id='line_1_5' title="bbox 219 520 1604 587; baseline 0.004 -22"><span class='ocrx_word' id='word_1_21' title='bbox 219 528 323 565; x_wconf 80' lang='lat' dir='ltr'>vata</span> <span class='ocrx_word' id='word_1_22' title='bbox 349 520 547 576; x_wconf 76' lang='lat' dir='ltr'>suerint,</span> <span class='ocrx_word' id='word_1_23' title='bbox 583 539 725 585; x_wconf 81' lang='lat' dir='ltr'>grave</span> <span class='ocrx_word' id='word_1_24' title='bbox 755 525 846 568; x_wconf 89' lang='lat' dir='ltr'>hoc</span> <span class='ocrx_word' id='word_1_25' title='bbox 872 530 919 567; x_wconf 90' lang='lat' dir='ltr'>et</span> <span class='ocrx_word' id='word_1_26' title='bbox 943 530 1308 569; x_wconf 83' lang='lat' dir='ltr'>momentosum</span> <span class='ocrx_word' id='word_1_27' title='bbox 1336 525 1604 587; x_wconf 80' lang='lat' dir='ltr'>negotium,</span> 
     </span>
     <span class='ocr_line' id='line_1_6' title="bbox 218 601 1669 667; baseline 0.002 -22"><span class='ocrx_word' id='word_1_28' title='bbox 218 617 277 645; x_wconf 76' lang='lat' dir='ltr'>ne</span> <span class='ocrx_word' id='word_1_29' title='bbox 314 601 557 660; x_wconf 73' lang='lat' dir='ltr'>prioribus</span> <span class='ocrx_word' id='word_1_30' title='bbox 598 601 808 664; x_wconf 80' lang='lat' dir='ltr'>majores</span> <span class='ocrx_word' id='word_1_31' title='bbox 847 611 1049 667; x_wconf 80' lang='lat' dir='ltr'><strong>generet</strong></span> <span class='ocrx_word' id='word_1_32' title='bbox 1089 604 1422 660; x_wconf 83' lang='lat' dir='ltr'>confusiones,</span> <span class='ocrx_word' id='word_1_33' title='bbox 1484 604 1604 649; x_wconf 84' lang='lat' dir='ltr'>sicut</span> <span class='ocrx_word' id='word_1_34' title='bbox 1666 615 1669 628; x_wconf 86' lang='lat'><strong>¹</strong></span> 
     </span>
     <span class='ocr_line' id='line_1_7' title="bbox 216 681 1606 746; baseline 0.002 -22"><span class='ocrx_word' id='word_1_35' title='bbox 216 697 313 725; x_wconf 88' lang='lat' dir='ltr'>non</span> <span class='ocrx_word' id='word_1_36' title='bbox 332 682 412 726; x_wconf 90' lang='lat' dir='ltr'>abs</span> <span class='ocrx_word' id='word_1_37' title='bbox 428 698 481 727; x_wconf 83' lang='lat' dir='ltr'>re</span> <span class='ocrx_word' id='word_1_38' title='bbox 503 684 819 728; x_wconf 87' lang='lat' dir='ltr'>metuendum</span> <span class='ocrx_word' id='word_1_39' title='bbox 837 691 937 742; x_wconf 69' lang='lat' dir='ltr'>est,</span> <span class='ocrx_word' id='word_1_40' title='bbox 963 684 1029 727; x_wconf 87' lang='lat' dir='ltr'>ita</span> <span class='ocrx_word' id='word_1_41' title='bbox 1053 684 1165 746; x_wconf 84' lang='lat' dir='ltr'>quia</span> <span class='ocrx_word' id='word_1_42' title='bbox 1190 681 1465 728; x_wconf 71' lang='lat' dir='ltr'>effectuatio</span> <span class='ocrx_word' id='word_1_43' title='bbox 1493 699 1606 727; x_wconf 89' lang='lat' dir='ltr'>cun-</span> 
     </span>
     <span class='ocr_line' id='line_1_8' title="bbox 217 762 1602 827; baseline 0 -20"><span class='ocrx_word' id='word_1_44' title='bbox 217 771 406 808; x_wconf 83' lang='lat' dir='ltr'>ctorum</span> <span class='ocrx_word' id='word_1_45' title='bbox 434 765 876 827; x_wconf 82' lang='lat' dir='ltr'>praededuetorum</span> <span class='ocrx_word' id='word_1_46' title='bbox 908 766 1047 810; x_wconf 86' lang='lat' dir='ltr'>unice</span> <span class='ocrx_word' id='word_1_47' title='bbox 1082 767 1140 810; x_wconf 82' lang='lat' dir='ltr'>ab</span> <span class='ocrx_word' id='word_1_48' title='bbox 1174 780 1380 820; x_wconf 87' lang='lat' dir='ltr'>eorum,</span> <span class='ocrx_word' id='word_1_49' title='bbox 1429 762 1602 825; x_wconf 78' lang='lat' dir='ltr'>q&#39;uibus</span> 
     </span>
     <span class='ocr_line' id='line_1_9' title="bbox 215 841 1608 906; baseline -0.001 -19"><span class='ocrx_word' id='word_1_50' title='bbox 215 860 328 888; x_wconf 84' lang='lat' dir='ltr'>cura</span> <span class='ocrx_word' id='word_1_51' title='bbox 372 844 553 906; x_wconf 83' lang='lat' dir='ltr'>publici</span> <span class='ocrx_word' id='word_1_52' title='bbox 597 845 871 889; x_wconf 76' lang='lat' dir='ltr'>concredita</span> <span class='ocrx_word' id='word_1_53' title='bbox 904 853 1004 901; x_wconf 87' lang='lat' dir='ltr'>est,</span> <span class='ocrx_word' id='word_1_54' title='bbox 1050 845 1153 889; x_wconf 88' lang='lat' dir='ltr'>zelo</span> <span class='ocrx_word' id='word_1_55' title='bbox 1200 852 1246 889; x_wconf 88' lang='lat' dir='ltr'>et</span> <span class='ocrx_word' id='word_1_56' title='bbox 1282 843 1466 889; x_wconf 75' lang='lat' dir='ltr'>efficaci</span> <span class='ocrx_word' id='word_1_57' title='bbox 1507 841 1608 886; x_wconf 76' lang='lat' dir='ltr'>offi-</span> 
     </span>
     <span class='ocr_line' id='line_1_10' title="bbox 214 921 1606 984; baseline 0 -17"><span class='ocrx_word' id='word_1_58' title='bbox 214 922 276 967; x_wconf 84' lang='lat' dir='ltr'>cii</span> <span class='ocrx_word' id='word_1_59' title='bbox 323 924 394 968; x_wconf 85' lang='lat' dir='ltr'>sui</span> <span class='ocrx_word' id='word_1_60' title='bbox 436 922 877 966; x_wconf 76' lang='lat' dir='ltr'>administratione·</span> <span class='ocrx_word' id='word_1_61' title='bbox 911 923 976 967; x_wconf 88' lang='lat' dir='ltr'>sic</span> <span class='ocrx_word' id='word_1_62' title='bbox 1002 924 1274 984; x_wconf 84' lang='lat' dir='ltr'>dependet,</span> <span class='ocrx_word' id='word_1_63' title='bbox 1336 932 1389 968; x_wconf 88' lang='lat' dir='ltr'>ut</span> <span class='ocrx_word' id='word_1_64' title='bbox 1426 921 1519 968; x_wconf 89' lang='lat' dir='ltr'>nisi</span> <span class='ocrx_word' id='word_1_65' title='bbox 1554 922 1606 967; x_wconf 89' lang='lat' dir='ltr'>hi</span> 
     </span>
     <span class='ocr_line' id='line_1_11' title="bbox 213 1002 1604 1065; baseline -0.001 -18"><span class='ocrx_word' id='word_1_66' title='bbox 213 1003 391 1048; x_wconf 77' lang='lat' dir='ltr'>seriam</span> <span class='ocrx_word' id='word_1_67' title='bbox 429 1004 570 1047; x_wconf 88' lang='lat' dir='ltr'>rebus</span> <span class='ocrx_word' id='word_1_68' title='bbox 610 1002 895 1047; x_wconf 76' lang='lat' dir='ltr'>admoveant</span> <span class='ocrx_word' id='word_1_69' title='bbox 938 1019 1170 1064; x_wconf 87' lang='lat' dir='ltr'>operam,</span> <span class='ocrx_word' id='word_1_70' title='bbox 1221 1020 1407 1065; x_wconf 86' lang='lat' dir='ltr'>suoque</span> <span class='ocrx_word' id='word_1_71' title='bbox 1443 1002 1604 1048; x_wconf 87' lang='lat' dir='ltr'>officio</span> 
     </span>
     <span class='ocr_line' id='line_1_12' title="bbox 217 1081 1604 1145; baseline -0.001 -20"><span class='ocrx_word' id='word_1_72' title='bbox 217 1083 574 1144; x_wconf 65' lang='lat' dir='ltr'>respondeant,</span> <span class='ocrx_word' id='word_1_73' title='bbox 626 1083 783 1128; x_wconf 84' lang='lat' dir='ltr'>omnis</span> <span class='ocrx_word' id='word_1_74' title='bbox 813 1083 902 1127; x_wconf 75' lang='lat' dir='ltr'>alia</span> <span class='ocrx_word' id='word_1_75' title='bbox 931 1083 1143 1145; x_wconf 85' lang='lat' dir='ltr'>provisio</span> <span class='ocrx_word' id='word_1_76' title='bbox 1179 1099 1330 1138; x_wconf 83' lang='lat' dir='ltr'>vana,</span> <span class='ocrx_word' id='word_1_77' title='bbox 1386 1089 1433 1126; x_wconf 87' lang='lat' dir='ltr'>et</span> <span class='ocrx_word' id='word_1_78' title='bbox 1461 1081 1604 1124; x_wconf 84' lang='lat' dir='ltr'>irrita</span> 
     </span>
     <span class='ocr_line' id='line_1_13' title="bbox 217 1162 482 1210; baseline -0.008 -4"><span class='ocrx_word' id='word_1_79' title='bbox 217 1163 276 1206; x_wconf 79' lang='lat' dir='ltr'>sit</span> <span class='ocrx_word' id='word_1_80' title='bbox 302 1162 482 1210; x_wconf 69' lang='lat' dir='ltr'>sutura.</span> 
     </span>
    </p>

    <p class='ocr_par' dir='ltr' id='par_1_5' title="bbox 206 1239 1607 2247">
     <span class='ocr_line' id='line_1_14' title="bbox 342 1239 1601 1304; baseline -0.002 -19"><span class='ocrx_word' id='word_1_81' title='bbox 342 1243 546 1286; x_wconf 82' lang='lat' dir='ltr'>Proinde</span> <span class='ocrx_word' id='word_1_82' title='bbox 578 1243 812 1287; x_wconf 83' lang='lat' dir='ltr'>sumefata</span> <span class='ocrx_word' id='word_1_83' title='bbox 849 1259 931 1286; x_wconf 87' lang='lat' dir='ltr'>sua</span> <span class='ocrx_word' id='word_1_84' title='bbox 955 1242 1180 1304; x_wconf 81' lang='lat' dir='ltr'>Majestas</span> <span class='ocrx_word' id='word_1_85' title='bbox 1206 1257 1428 1286; x_wconf 81' lang='lat' dir='ltr'>caesareo</span> <span class='ocrx_word' id='word_1_86' title='bbox 1463 1239 1601 1302; x_wconf 75' lang='lat' dir='ltr'>regia</span> 
     </span>
     <span class='ocr_line' id='line_1_15' title="bbox 213 1319 1603 1385; baseline -0.001 -19"><span class='ocrx_word' id='word_1_87' title='bbox 213 1338 409 1366; x_wconf 82' lang='lat' dir='ltr'>omnem</span> <span class='ocrx_word' id='word_1_88' title='bbox 446 1322 733 1368; x_wconf 80' lang='lat' dir='ltr'>ulteriorem</span> <span class='ocrx_word' id='word_1_89' title='bbox 775 1323 959 1385; x_wconf 82' lang='lat' dir='ltr'>negotii</span> <span class='ocrx_word' id='word_1_90' title='bbox 997 1322 1252 1368; x_wconf 77' lang='lat' dir='ltr'>urharialis</span> <span class='ocrx_word' id='word_1_91' title='bbox 1288 1323 1339 1367; x_wconf 89' lang='lat' dir='ltr'>in</span> <span class='ocrx_word' id='word_1_92' title='bbox 1379 1319 1603 1382; x_wconf 79' lang='lat' dir='ltr'>partibus</span> 
     </span>
     <span class='ocr_line' id='line_1_16' title="bbox 212 1399 1607 1466; baseline -0.002 -21"><span class='ocrx_word' id='word_1_93' title='bbox 212 1403 653 1464; x_wconf 77' lang='lat' dir='ltr'>manipulationem</span> <span class='ocrx_word' id='word_1_94' title='bbox 682 1403 880 1465; x_wconf 88' lang='lat' dir='ltr'>publico</span> <span class='ocrx_word' id='word_1_95' title='bbox 910 1404 1168 1447; x_wconf 78' lang='lat' dir='ltr'>comitatus</span> <span class='ocrx_word' id='word_1_96' title='bbox 1191 1403 1333 1466; x_wconf 88' lang='lat' dir='ltr'>hujus</span> <span class='ocrx_word' id='word_1_97' title='bbox 1354 1399 1607 1462; x_wconf 80' lang='lat' dir='ltr'>magistra-</span> 
     </span>
     <span class='ocr_line' id='line_1_17' title="bbox 212 1481 1606 1544; baseline -0.002 -20"><span class='ocrx_word' id='word_1_98' title='bbox 212 1483 300 1536; x_wconf 84' lang='lat' dir='ltr'>tui,</span> <span class='ocrx_word' id='word_1_99' title='bbox 335 1498 360 1524; x_wconf 88' lang='lat' dir='ltr'>a</span> <span class='ocrx_word' id='word_1_100' title='bbox 391 1483 549 1544; x_wconf 76' lang='lat' dir='ltr'>capite</span> <span class='ocrx_word' id='word_1_101' title='bbox 585 1499 700 1527; x_wconf 89' lang='lat' dir='ltr'>vero</span> <span class='ocrx_word' id='word_1_102' title='bbox 720 1483 922 1526; x_wconf 91' lang='lat' dir='ltr'>domino</span> <span class='ocrx_word' id='word_1_103' title='bbox 952 1499 1180 1543; x_wconf 83' lang='lat' dir='ltr'>supremo</span> <span class='ocrx_word' id='word_1_104' title='bbox 1212 1481 1380 1526; x_wconf 85' lang='lat' dir='ltr'>comiti</span> <span class='ocrx_word' id='word_1_105' title='bbox 1412 1495 1606 1526; x_wconf 85' lang='lat' dir='ltr'>concre-</span> 
     </span>
     <span class='ocr_line' id='line_1_18' title="bbox 208 1558 1604 1622; baseline -0.001 -19"><span class='ocrx_word' id='word_1_106' title='bbox 208 1560 414 1606; x_wconf 85' lang='lat' dir='ltr'>dendam</span> <span class='ocrx_word' id='word_1_107' title='bbox 449 1564 718 1607; x_wconf 81' lang='lat' dir='ltr'>clementer</span> <span class='ocrx_word' id='word_1_108' title='bbox 766 1563 1008 1606; x_wconf 87' lang='lat' dir='ltr'>resolvere</span> <span class='ocrx_word' id='word_1_109' title='bbox 1044 1569 1113 1605; x_wconf 81' lang='lat' dir='ltr'>est</span> <span class='ocrx_word' id='word_1_110' title='bbox 1149 1561 1372 1622; x_wconf 83' lang='lat' dir='ltr'>dignata,</span> <span class='ocrx_word' id='word_1_111' title='bbox 1408 1559 1472 1602; x_wconf 84' lang='lat' dir='ltr'>ita</span> <span class='ocrx_word' id='word_1_112' title='bbox 1502 1558 1604 1620; x_wconf 79' lang='lat' dir='ltr'>qui-</span> 
     </span>
     <span class='ocr_line' id='line_1_19' title="bbox 212 1637 1605 1702; baseline -0.001 -20"><span class='ocrx_word' id='word_1_113' title='bbox 212 1639 322 1684; x_wconf 85' lang='lat' dir='ltr'>dem</span> <span class='ocrx_word' id='word_1_114' title='bbox 349 1648 400 1684; x_wconf 91' lang='lat' dir='ltr'>ut</span> <span class='ocrx_word' id='word_1_115' title='bbox 433 1641 566 1685; x_wconf 88' lang='lat' dir='ltr'>idem</span> <span class='ocrx_word' id='word_1_116' title='bbox 599 1640 935 1702; x_wconf 77' lang='lat' dir='ltr'>magistratus,</span> <span class='ocrx_word' id='word_1_117' title='bbox 985 1657 1104 1702; x_wconf 84' lang='lat' dir='ltr'>quae</span> <span class='ocrx_word' id='word_1_118' title='bbox 1151 1640 1306 1684; x_wconf 88' lang='lat' dir='ltr'>adhuc</span> <span class='ocrx_word' id='word_1_119' title='bbox 1334 1637 1605 1700; x_wconf 74' lang='lat' dir='ltr'>supplenda</span> 
     </span>
     <span class='ocr_line' id='line_1_20' title="bbox 210 1717 1598 1781; baseline -0.001 -17"><span class='ocrx_word' id='word_1_120' title='bbox 210 1728 257 1764; x_wconf 88' lang='lat' dir='ltr'>et</span> <span class='ocrx_word' id='word_1_121' title='bbox 286 1721 585 1766; x_wconf 81' lang='lat' dir='ltr'>effectuanda</span> <span class='ocrx_word' id='word_1_122' title='bbox 612 1727 814 1774; x_wconf 76' lang='lat' dir='ltr'>restant,</span> <span class='ocrx_word' id='word_1_123' title='bbox 868 1735 1042 1764; x_wconf 87' lang='lat' dir='ltr'>eorum</span> <span class='ocrx_word' id='word_1_124' title='bbox 1077 1720 1346 1763; x_wconf 89' lang='lat' dir='ltr'>secundum</span> <span class='ocrx_word' id='word_1_125' title='bbox 1388 1717 1598 1781; x_wconf 82' lang='lat' dir='ltr'>benigne</span> 
     </span>
     <span class='ocr_line' id='line_1_21' title="bbox 208 1796 1598 1861; baseline 0 -19"><span class='ocrx_word' id='word_1_126' title='bbox 208 1800 540 1861; x_wconf 83' lang='lat' dir='ltr'>praestabilita</span> <span class='ocrx_word' id='word_1_127' title='bbox 592 1796 837 1860; x_wconf 85' lang='lat' dir='ltr'>principia</span> <span class='ocrx_word' id='word_1_128' title='bbox 888 1797 1148 1841; x_wconf 75' lang='lat' dir='ltr'>indilatam</span> <span class='ocrx_word' id='word_1_129' title='bbox 1208 1797 1598 1842; x_wconf 74' lang='lat' dir='ltr'>effectuationem</span> 
     </span>
     <span class='ocr_line' id='line_1_22' title="bbox 206 1876 1595 1940; baseline 0.001 -19"><span class='ocrx_word' id='word_1_130' title='bbox 206 1887 454 1940; x_wconf 85' lang='lat' dir='ltr'>procuret,</span> <span class='ocrx_word' id='word_1_131' title='bbox 491 1878 759 1940; x_wconf 85' lang='lat' dir='ltr'>benignam</span> <span class='ocrx_word' id='word_1_132' title='bbox 792 1876 1092 1922; x_wconf 84' lang='lat' dir='ltr'>urharialem</span> <span class='ocrx_word' id='word_1_133' title='bbox 1121 1877 1478 1940; x_wconf 81' lang='lat' dir='ltr'>regulationem</span> <span class='ocrx_word' id='word_1_134' title='bbox 1505 1895 1595 1940; x_wconf 83' lang='lat' dir='ltr'>pro</span> 
     </span>
     <span class='ocr_line' id='line_1_23' title="bbox 207 1957 1599 2016; baseline 0.001 -13"><span class='ocrx_word' id='word_1_135' title='bbox 207 1959 522 2004; x_wconf 84' lang='lat' dir='ltr'>incumbente</span> <span class='ocrx_word' id='word_1_136' title='bbox 550 1959 643 2004; x_wconf 82' lang='lat' dir='ltr'>sihi</span> <span class='ocrx_word' id='word_1_137' title='bbox 682 1974 889 2002; x_wconf 88' lang='lat' dir='ltr'>munere</span> <span class='ocrx_word' id='word_1_138' title='bbox 920 1958 1012 2003; x_wconf 89' lang='lat' dir='ltr'>rite</span> <span class='ocrx_word' id='word_1_139' title='bbox 1049 1957 1295 2003; x_wconf 82' lang='lat' dir='ltr'>observari</span> <span class='ocrx_word' id='word_1_140' title='bbox 1319 1957 1490 2016; x_wconf 80' lang='lat' dir='ltr'>faciat,</span> <span class='ocrx_word' id='word_1_141' title='bbox 1548 1959 1599 2004; x_wconf 90' lang='lat' dir='ltr'>in</span> 
     </span>
     <span class='ocr_line' id='line_1_24' title="bbox 207 2038 1600 2101; baseline -0.002 -19"><span class='ocrx_word' id='word_1_142' title='bbox 207 2038 414 2100; x_wconf 87' lang='lat' dir='ltr'>publicis</span> <span class='ocrx_word' id='word_1_143' title='bbox 442 2038 791 2101; x_wconf 78' lang='lat' dir='ltr'>congressibus,</span> <span class='ocrx_word' id='word_1_144' title='bbox 837 2038 1062 2084; x_wconf 88' lang='lat' dir='ltr'>omnibus</span> <span class='ocrx_word' id='word_1_145' title='bbox 1085 2039 1472 2084; x_wconf 80' lang='lat' dir='ltr'>moderationem</span> <span class='ocrx_word' id='word_1_146' title='bbox 1511 2038 1600 2082; x_wconf 83' lang='lat' dir='ltr'>im.</span> 
     </span>
     <span class='ocr_line' id='line_1_25' title="bbox 207 2118 1598 2182; baseline 0.001 -21"><span class='ocrx_word' id='word_1_147' title='bbox 207 2126 386 2180; x_wconf 82' lang='lat' dir='ltr'>ponat,</span> <span class='ocrx_word' id='word_1_148' title='bbox 432 2120 594 2182; x_wconf 88' lang='lat' dir='ltr'>sicque</span> <span class='ocrx_word' id='word_1_149' title='bbox 622 2126 818 2166; x_wconf 82' lang='lat' dir='ltr'>conatus</span> <span class='ocrx_word' id='word_1_150' title='bbox 845 2120 894 2165; x_wconf 88' lang='lat' dir='ltr'>in</span> <span class='ocrx_word' id='word_1_151' title='bbox 928 2119 1226 2165; x_wconf 84' lang='lat' dir='ltr'>contrarium</span> <span class='ocrx_word' id='word_1_152' title='bbox 1254 2120 1388 2164; x_wconf 81' lang='lat' dir='ltr'>nixos</span> <span class='ocrx_word' id='word_1_153' title='bbox 1413 2118 1598 2181; x_wconf 88' lang='lat' dir='ltr'>simpli-</span> 
     </span>
     <span class='ocr_line' id='line_1_26' title="bbox 209 2200 634 2247; baseline 0.009 -4"><span class='ocrx_word' id='word_1_154' title='bbox 209 2200 331 2244; x_wconf 88' lang='lat' dir='ltr'>citer</span> <span class='ocrx_word' id='word_1_155' title='bbox 368 2207 634 2247; x_wconf 82' lang='lat' dir='ltr'>removeat.</span> 
     </span>
    </p>

    <p class='ocr_par' dir='ltr' id='par_1_6' title="bbox 209 2279 1596 2743">
     <span class='ocr_line' id='line_1_27' title="bbox 339 2279 1595 2343; baseline 0.003 -20"><span class='ocrx_word' id='word_1_156' title='bbox 339 2283 473 2343; x_wconf 78' lang='lat' dir='ltr'>Quae</span> <span class='ocrx_word' id='word_1_157' title='bbox 493 2297 662 2341; x_wconf 85' lang='lat' dir='ltr'>porro,</span> <span class='ocrx_word' id='word_1_158' title='bbox 697 2287 750 2325; x_wconf 91' lang='lat' dir='ltr'>ut</span> <span class='ocrx_word' id='word_1_159' title='bbox 779 2289 910 2327; x_wconf 81' lang='lat' dir='ltr'>tanto</span> <span class='ocrx_word' id='word_1_160' title='bbox 934 2280 1123 2327; x_wconf 81' lang='lat' dir='ltr'>facilius</span> <span class='ocrx_word' id='word_1_161' title='bbox 1153 2279 1394 2337; x_wconf 85' lang='lat' dir='ltr'>obtineri,</span> <span class='ocrx_word' id='word_1_162' title='bbox 1431 2287 1478 2325; x_wconf 90' lang='lat' dir='ltr'>et</span> <span class='ocrx_word' id='word_1_163' title='bbox 1499 2299 1595 2327; x_wconf 90' lang='lat' dir='ltr'>uno</span> 
     </span>
     <span class='ocr_line' id='line_1_28' title="bbox 212 2360 1596 2424; baseline 0.004 -22"><span class='ocrx_word' id='word_1_164' title='bbox 212 2360 344 2419; x_wconf 84' lang='lat' dir='ltr'>quasi</span> <span class='ocrx_word' id='word_1_165' title='bbox 377 2360 570 2405; x_wconf 85' lang='lat' dir='ltr'>tramite</span> <span class='ocrx_word' id='word_1_166' title='bbox 610 2361 788 2406; x_wconf 83' lang='lat' dir='ltr'>absolvi</span> <span class='ocrx_word' id='word_1_167' title='bbox 828 2363 1045 2424; x_wconf 87' lang='lat' dir='ltr'>possint,</span> <span class='ocrx_word' id='word_1_168' title='bbox 1093 2368 1237 2423; x_wconf 77' lang='lat' dir='ltr'>atque</span> <span class='ocrx_word' id='word_1_169' title='bbox 1273 2378 1383 2406; x_wconf 88' lang='lat' dir='ltr'>cum</span> <span class='ocrx_word' id='word_1_170' title='bbox 1419 2379 1596 2407; x_wconf 75' lang='lat' dir='ltr'>annua-</span> 
     </span>
     <span class='ocr_line' id='line_1_29' title="bbox 209 2439 1595 2505; baseline 0.005 -26"><span class='ocrx_word' id='word_1_171' title='bbox 209 2454 316 2481; x_wconf 82' lang='lat' dir='ltr'>rum</span> <span class='ocrx_word' id='word_1_172' title='bbox 349 2439 773 2502; x_wconf 80' lang='lat' dir='ltr'>investigationum</span> <span class='ocrx_word' id='word_1_173' title='bbox 812 2445 869 2487; x_wconf 88' lang='lat' dir='ltr'>de</span> <span class='ocrx_word' id='word_1_174' title='bbox 917 2443 1121 2505; x_wconf 85' lang='lat' dir='ltr'>qualiter</span> <span class='ocrx_word' id='word_1_175' title='bbox 1166 2442 1428 2486; x_wconf 83' lang='lat' dir='ltr'>observatis</span> <span class='ocrx_word' id='word_1_176' title='bbox 1456 2443 1595 2487; x_wconf 86' lang='lat' dir='ltr'>urba-</span> 
     </span>
     <span class='ocr_line' id='line_1_30' title="bbox 212 2517 1593 2584; baseline 0.004 -25"><span class='ocrx_word' id='word_1_177' title='bbox 212 2517 333 2561; x_wconf 72' lang='lat' dir='ltr'>riis?</span> <span class='ocrx_word' id='word_1_178' title='bbox 392 2523 780 2582; x_wconf 80' lang='lat' dir='ltr'>peragendarum</span> <span class='ocrx_word' id='word_1_179' title='bbox 833 2523 932 2584; x_wconf 83' lang='lat' dir='ltr'>jam</span> <span class='ocrx_word' id='word_1_180' title='bbox 992 2523 1141 2567; x_wconf 87' lang='lat' dir='ltr'>etiam</span> <span class='ocrx_word' id='word_1_181' title='bbox 1194 2531 1384 2584; x_wconf 87' lang='lat' dir='ltr'>tempus</span> <span class='ocrx_word' id='word_1_182' title='bbox 1433 2522 1593 2566; x_wconf 85' lang='lat' dir='ltr'>immi-</span> 
     </span>
     <span class='ocr_line' id='line_1_31' title="bbox 213 2601 1592 2665; baseline 0.004 -27"><span class='ocrx_word' id='word_1_183' title='bbox 213 2603 352 2647; x_wconf 74' lang='lat' dir='ltr'>neat,</span> <span class='ocrx_word' id='word_1_184' title='bbox 391 2606 437 2641; x_wconf 88' lang='lat' dir='ltr'>et</span> <span class='ocrx_word' id='word_1_185' title='bbox 462 2601 648 2645; x_wconf 82' lang='lat' dir='ltr'>interea</span> <span class='ocrx_word' id='word_1_186' title='bbox 672 2602 794 2647; x_wconf 85' lang='lat' dir='ltr'>illud</span> <span class='ocrx_word' id='word_1_187' title='bbox 818 2603 992 2659; x_wconf 83' lang='lat' dir='ltr'>etiam,</span> <span class='ocrx_word' id='word_1_188' title='bbox 1030 2602 1163 2665; x_wconf 89' lang='lat' dir='ltr'>quod</span> <span class='ocrx_word' id='word_1_189' title='bbox 1182 2609 1418 2663; x_wconf 84' lang='lat' dir='ltr'>superest,</span> <span class='ocrx_word' id='word_1_190' title='bbox 1454 2601 1592 2645; x_wconf 86' lang='lat' dir='ltr'>facile</span> 
     </span>
     <span class='ocr_line' id='line_1_32' title="bbox 214 2675 1594 2743; baseline 0.001 -21"><span class='ocrx_word' id='word_1_191' title='bbox 214 2675 446 2729; x_wconf 66' lang='lat' dir='ltr'>elabatur,</span> <span class='ocrx_word' id='word_1_192' title='bbox 494 2679 649 2725; x_wconf 88' lang='lat' dir='ltr'>donec</span> <span class='ocrx_word' id='word_1_193' title='bbox 688 2682 825 2743; x_wconf 84' lang='lat' dir='ltr'>operi</span> <span class='ocrx_word' id='word_1_194' title='bbox 860 2683 972 2727; x_wconf 82' lang='lat' dir='ltr'>huic</span> <span class='ocrx_word' id='word_1_195' title='bbox 1011 2700 1182 2728; x_wconf 79' lang='lat' dir='ltr'>manus</span> <span class='ocrx_word' id='word_1_196' title='bbox 1225 2682 1470 2726; x_wconf 84' lang='lat' dir='ltr'>admoveri</span> <span class='ocrx_word' id='word_1_197' title='bbox 1512 2698 1594 2742; x_wconf 83' lang='lat' dir='ltr'>po·</span> 
     </span>
    </p>
   </div>
   <div class='ocr_carea' id='block_1_5' title="bbox 215 2756 1593 2825">
    <p class='ocr_par' dir='ltr' id='par_1_7' title="bbox 215 2756 1593 2825">
     <span class='ocr_line' id='line_1_33' title="bbox 215 2756 1593 2825; baseline -0.004 -14"><span class='ocrx_word' id='word_1_198' title='bbox 215 2756 395 2811; x_wconf 55' lang='lat' dir='ltr'>tueris,</span> <span class='ocrx_word' id='word_1_199' title='bbox 450 2757 673 2806; x_wconf 85' lang='lat' dir='ltr'>dominus</span> <span class='ocrx_word' id='word_1_200' title='bbox 711 2779 969 2825; x_wconf 77' lang='lat' dir='ltr'>supremus</span> <span class='ocrx_word' id='word_1_201' title='bbox 1019 2780 1181 2809; x_wconf 88' lang='lat' dir='ltr'>comes</span> <span class='ocrx_word' id='word_1_202' title='bbox 1216 2762 1469 2807; x_wconf 79' lang='lat' dir='ltr'>comitatus</span> <span class='ocrx_word' id='word_1_203' title='bbox 1505 2761 1593 2805; x_wconf 81' lang='lat' dir='ltr'>hu-</span> 
     </span>
    </p>
   </div>
  </div>
 </body>
</html>
