1669 3189
617 155 957 221 &451ss

83 264 178 307 tiae
207 259 459 306 robottare
490 262 765 320 tenebitur3
816 263 946 324 quod
971 261 1117 308 etiam
1155 261 1214 306 de
1249 259 1473 306 octavali-
1529 260 1537 277 ²

85 341 167 386 stis
208 340 604 403 intelligendum,
687 338 946 404 Inquilinis
978 342 1111 388 nullo
1150 330 1376 404 tempore
1415 343 1474 386 ad

83 421 382 483 dupplicatas
405 422 615 465 robottas
643 421 1022 482 adstringe-ndis.

209 500 305 546 Ubi
333 501 519 544 incolae
562 499 735 544 fundos
764 501 1012 561 possident
1050 500 1174 545 infra
1205 501 1474 546 sessionem

80 581 223 624 unius
250 587 439 624 octavae
457 612 470 634 ,
522 579 580 623 ab
603 579 676 623 his
704 595 836 624 nona
863 580 1093 624 duntaxat
1132 582 1206 625 vel
1231 580 1280 625 in
1304 589 1475 627 natura

79 660 158 704 vel
207 659 260 701 in
307 658 630 720 aequivalenti
672 659 931 719 penditur,
989 659 1159 702 obtutu
1199 667 1475 706 ceterarum

82 738 334 783 datiarum
372 746 418 783 et
456 738 772 795 servitutum,
807 744 959 800 prout
995 737 1287 783 domiciliati
1323 741 1478 803 inqui-

80 817 170 862 lini
210 817 553 863 considerandi
585 825 708 863 sunt.

207 898 292 944 Ad
309 905 570 957 punctam
595 905 637 948 4.
665 900 726 942 de
751 899 932 943 datiis.
969 899 1255 945 Immunitas
1284 917 1309 945 a
1336 915 1476 962 prae-

80 977 287 1023 statione
329 978 497 1034 butiri,
533 980 594 1023 ob
627 977 868 1023 defectum
900 979 1066 1039 pascui
1112 980 1263 1025 vaccis
1291 981 1475 1027 servari

80 1056 420 1120 nequentihus.

208 1140 292 1184 Ad
315 1155 365 1197 p.
406 1150 450 1185 5.
477 1140 538 1182 de
569 1154 742 1192 nona,
793 1145 844 1182 et
861 1137 1314 1198 jar-&montano-
1381 1141 1477 1187 Ubi

78 1217 132 1260 in
178 1218 341 1261 locum
399 1233 555 1262 nonae
617 1218 924 1279 aequivalens
960 1218 1011 1263 in
1065 1225 1231 1279 parata
1270 1221 1479 1279 pecunia

82 1298 308 1360 eligitur,
367 1297 512 1341 unius
556 1298 775 1358 integrae
819 1298 1040 1342 sessionis
1096 1300 1291 1343 colonus
1338 1299 1477 1343 titulo

77 1375 427 1437 aequivalentis
445 1375 588 1419 huius
614 1383 822 1436 quatuor
840 1376 1050 1419 florenos
1073 1383 1120 1420 et
1146 1378 1210 1421 sic
1226 1394 1251 1420 a
1274 1395 1479 1439 propor-

77 1456 240 1512 tione,
296 1456 488 1501 mediae
530 1477 596 1487 --
631 1462 913 1518 quai-tae*
939 1462 986 1499 et
1022 1463 1215 1500 octavae
1249 1459 1488 1513 sessionis-

78 1537 301 1593 colonus,
362 1543 520 1580 ratam
564 1537 882 1582 medietatem
929 1535 979 1579 in
1015 1534 1138 1580 festo
1181 1537 1222 1580 S.
1260 1536 1476 1597 Georgii,

77 1618 277 1662 alteram
316 1624 481 1661 autem
527 1616 579 1661 in
622 1616 664 1660 S.
695 1614 952 1659 Michaelis
994 1640 1059 1646 -—
1090 1630 1184 1675 qua
1220 1616 1475 1661 occasione

79 1699 228 1742 etiam
260 1696 411 1741 ceteri
435 1712 604 1740 census
631 1695 964 1757 depurantur,
1000 1695 1190 1738 solvere
1215 1695 1477 1757 obligatur.

210 1779 521 1822 Communes·
550 1775 679 1838 agri,
749 1782 797 1819 et
843 1770 980 1835 prata
1026 1790 1116 1834 per
1157 1775 1478 1822 communita-

16 1858 19 1859 ’
78 1863 180 1902 tem
207 1858 382 1919 absque
412 1872 559 1901 onere
581 1871 796 1917 possessa
817 1880 883 1885 ———
908 1853 1074 1897 eidem
1104 1854 1235 1899 haud
1261 1857 1474 1902 adiman-

77 1943 186 1992 tur,
223 1943 303 1981 aut
327 1936 462 1980 novis
485 1933 781 1980 inconsuetis
810 1934 1034 1978 oneribus
1059 1932 1348 1980 afficiantur.

209 2017 410 2061 Summa
434 2017 575 2060 huius
609 2014 771 2076 quarti
809 2013 1000 2058 articuli
1034 2013 1237 2058 maximi
1274 2023 1342 2059 est
1371 2033 1473 2061 mos

78 2097 251 2153 menti,
287 2104 516 2158 tantoque
546 2095 723 2147 maiori
749 2093 1020 2139 attentione
1052 2094 1225 2155 digna,
1275 2113 1368 2156 quo
1399 2113 1476 2140 eo-

79 2179 191 2222 dem
235 2178 497 2222 admodum
530 2173 789 2220 meritoria
829 2174 1088 2219 urbarialis
1124 2173 1330 2219 instituti
1363 2175 1474 2221 data

79 2257 422 2314 absolvuntur,
461 2257 632 2319 quibus
658 2256 696 2299 si
721 2254 886 2299 debite
912 2255 1137 2309 satisfiat,
1173 2254 1367 2315 spiritui
1395 2273 1474 2300 ur-

77 2337 342 2383 harialium
380 2338 750 2399 dispositionum
787 2352 881 2378 una
930 2333 1125 2396 egregie
1170 2335 1468 2381 satisfactum

77 2419 222 2464 fuisse
250 2435 395 2462 nemo
423 2418 672 2479 ambigere
705 2416 905 2477 poterit.
977 2415 1028 2456 In
1058 2413 1129 2456 his
1161 2413 1292 2459 enim.
1317 2415 1473 2459 basim

78 2499 224 2543 totius
260 2498 520 2542 urbarialis
563 2495 874 2559 regulationis
923 2493 1212 2549 consistere,
1281 2512 1336 2539 eo
1372 2511 1472 2538 cera·

78 2578 171 2623 tius
202 2586 262 2622 est
282 2611 294 2632 ,
342 2595 433 2640 quo
465 2577 689 2639 spectatis
729 2577 912 2621 adhaec
943 2575 1291 2635 supplementis
1333 2577 1472 2618 urba-

80 2657 305 2713 rialibus,
367 2674 533 2702 omnes
566 2657 665 2701 sere
707 2673 836 2700 casus
881 2655 1147 2698 urbm-iales
1184 2654 1393 2697 maxima
1418 2654 1471 2699 in

80 2747 219 2798 parte
250 2755 306 2783 eo
336 2738 552 2785 revocari
580 2753 719 2800 posse
747 2734 1018 2782 evidentius
1049 2751 1142 2778 una
1170 2737 1387 2796 patescit,
1429 2736 1469 2780 si

1046 2813 1171 2863 ΗΖ
