1669 3189
623 189 692 202 m·
748 166 833 224 493
890 187 969 224 ·-·-‚

655 270 778 306 ART.
803 270 903 304 XII.

97 354 179 400 De
216 349 593 395 contractibus
625 352 905 410 perpetuis
941 355 1051 396 tam
1086 350 1330 410 antiquis
1366 358 1491 399 tem·

157 418 381 477 poribus
430 417 623 470 initis,
674 431 832 474 qaam
880 430 1025 460 nunc
1074 417 1211 461 iniri
1244 415 1424 463 solitis

645 481 705 523 in
740 481 933 537 specie.

218 601 519 664 Principium
548 601 672 646 illud
697 635 711 658 ,
749 601 879 663 quod
911 602 1084 647 obtutu
1114 602 1302 665 jurium
1331 605 1487 653 domi-

89 680 309 738 nalium,
357 682 433 726 vel
472 680 626 743 ipsius
655 681 808 726 etiam
849 680 1117 726 subditelae
1146 685 1486 745 emolumenti,

88 761 141 806 in
170 768 406 825 quantum
447 761 507 805 de
541 766 864 806 tractamento
897 761 1190 806 colonorum
1229 764 1484 829 defigendo

92 841 284 903 agitur,
321 858 420 885 non
447 840 688 902 expediat,
723 848 779 885 ut
807 848 1079 888 contractus
1103 844 1367 891 urban‘ales
1383 863 1487 891 rnu-

87 929 171 966 tuo
198 920 413 984 partium
449 936 690 966 consensu
715 922 766 965 in
800 927 1096 983 perpetuum
1129 921 1246 968 iniri
1283 926 1488 986 possint,

83 1017 174 1047 nec
203 994 530 1060 cum'juribus
576 1001 895 1046 dominorum
932 1003 1275 1060 terrestrium,
1323 1014 1369 1051 et
1412 1023 1488 1052 eo.

85 1096 200 1125 rum
238 1079 542 1142 proprietate
563 1114 576 1136 ,
612 1097 705 1126 nec
734 1098 844 1126 cum
885 1082 1175 1143 exoptabili,
1223 1084 1311 1128 illo
1346 1088 1487 1132 urba-

86 1160 151 1204 rii
180 1176 354 1221 scopo,
396 1167 450 1205 ut
474 1161 716 1206 nimirum
750 1177 852 1206 sors
880 1169 926 1205 et
951 1161 1165 1207 conditio
1202 1166 1486 1215 colonorum

85 1240 146 1284 ad
171 1245 378 1297 certum,
417 1257 631 1304 eumque
661 1241 880 1287 stabilem
911 1250 1120 1304 ponatur
1146 1245 1345 1305 pedem,
1376 1264 1486 1294 con.

86 1321 281 1364 ciliatur
301 1352 315 1376 9
361 1321 443 1364 sed
483 1328 531 1364 et
566 1320 768 1366 fundato
798 1321 1148 1367 altissimarum
1177 1325 1487 1376 decisionum

27 1450 29 1453 Α
82 1400 136 1445 in
174 1415 228 1444 re
260 1398 499 1443 urbariali
527 1400 916 1446 interventarum
935 1403 1130 1463 spiritui
1157 1405 1378 1452 disertim
1408 1409 1487 1454 de-

22 1486 25 1491 ’
82 1495 258 1544 rogare
290 1479 501 1525 videtur.
572 1479 715 1542 Quod
749 1487 913 1525 autem
939 1491 1218 1530 contractus
1252 1485 1356 1543 illi,
1399 1489 1484 1549 qui

85 1579 174 1608 seu
194 1559 443 1606 occasione
475 1559 735 1605 urbarialis
768 1560 1113 1623 reguhfionis,
1162 1572 1243 1608 aut
1268 1566 1318 1610 in
1352 1583 1484 1613 nexu

88 1642 234 1702 hujus
269 1642 502 1703 subseque
548 1642 626 1687 via
663 1641 892 1703 politica,
944 1644 1196 1689 accedente
1245 1645 1482 1694 altissima

91 1723 391 1768 resolutione
435 1723 573 1785 regia
593 1722 840 1783 procurati
870 1723 1100 1781 fuissent,
1134 1725 1211 1771 via
1246 1723 1365 1785 juris
1408 1747 1483 1775 re.

83 1803 268 1857 scindi,
312 1803 388 1847 vel
421 1801 679 1846 invalidari
703 1802 905 1863 possint,
941 1803 1245 1866 principium
1272 1809 1365 1853 tale
1398 1829 1481 1872 pe..

85 1884 244 1927 riculo
279 1898 375 1928 non
406 1889 566 1938 vacat,
604 1888 652 1924 et
678 1880 880 1943 quidem
922 1883 1051 1944 quod
1077 1885 1266 1931 ratione
1299 1898 1482 1936 contra.

87 1972 251 2009 ctuum
276 1962 375 2024 jam
405 1962 639 2006 hactenus
676 1977 767 2023 pro
805 1960 960 2007 stabili
990 1963 1249 2022 initorum,
1292 1974 1341 2012 et
1370 1979 1477 2015 actu

87 2043 486 2106 praevigentium
531 2048 752 2103 apertam
791 2041 1103 2093 securitatem
1147 2043 1199 2089 in
1246 2062 1294 2090 se
1329 2049 1481 2095 invol-

88 2134 194 2183 vat,
230 2126 490 2186 taliterque
531 2123 769 2168 inlocum
797 2123 1142 2170 introducendi
1182 2128 1303 2171 recti
1350 2131 1481 2175 ordi-

86 2208 185 2264 nis,
240 2214 287 2251 et
321 2204 679 2251 conservandae
709 2220 951 2266 perquam
983 2207 1287 2253 necessariae
1328 2210 1480 2256 inter.

87 2303 179 2334 nae
208 2287 572 2349 tranquillitatis
612 2300 669 2330 eo
696 2284 863 2346 potius
895 2285 1138 2332 directum
1166 2292 1282 2334 'esse
1323 2290 1479 2338 inten.

95 2370 332 2423 deretur,
367 2374 418 2411 ut
453 2383 574 2429 quae
606 2382 735 2412 nunc
768 2365 816 2410 in
844 2375 1238 2428 respectunexus
1270 2372 1480 2418 subdite.

88 2450 193 2503 lae,
230 2441 291 2492 et
312 2453 595 2492 mutuarum
631 2445 1013 2492 corr-elationum
1046 2449 1280 2496 altissima
1319 2454 1479 2514 provi-

90 2527 255 2572 dentia
290 2527 475 2588 optimo
510 2543 621 2571 cum
662 2543 879 2571 successu
915 2537 1179 2588 procurata
1228 2533 1477 2582 ordinatio

91 2607 333 2663 subsistit,
370 2607 489 2651 haee
521 2607 572 2651 in
600 2607 651 2650 in
678 2607 1043 2652 convulsionem
1076 2609 1221 2654 defixi
1249 2621 1477 2674 systema.

93 2689 153 2733 tis
193 2695 393 2751 agatur3
453 2694 558 2732 tum
601 2687 728 2750 quod
770 2686 860 2730 hac
897 2689 1085 2733 ratione
1125 2693 1359 2739 autoritas
1409 2713 1480 2742 su-

94 2785 294 2832 premae
318 2768 592 2816 executivae
617 2768 900 2830 potestatis,
935 2770 1020 2815 sub
1049 2770 1183 2834 cujus
1213 2773 1481 2821 directione
