1669 3189
726 202 796 213 „w-
855 181 940 229 [480
1000 199 1069 211 ...-

333 295 404 341 16.
430 289 704 336 Admissum
745 298 876 340 esse,
911 290 965 327 ut
1009 290 1313 346 emergentes
1350 283 1477 330 circa
1515 302 1589 331 re-

196 374 380 438 gulatos
402 370 570 416 fundos
598 362 810 409 desectus
840 364 899 408 ad
926 353 1387 410 remonstrationem
1419 367 1588 425 unius,
1655 409 1669 418 ,

199 464 282 501 aut
311 451 508 498 alterius
539 444 690 508 partis
713 459 905 507 semper
929 443 1187 488 emendari
1215 445 1417 506 possint.

325 534 557 576 Ceterum
606 532 805 589 praeter
858 532 905 569 et
956 525 1087 569 ultra
1132 525 1253 569 haec
1297 527 1462 572 omnia
1502 507 1617 573 ill-2⁷¹

198 614 374 666 etiam,
412 625 534 672 quae
566 606 618 652 in
649 607 696 653 b.
723 606 1062 668 supplemento
1097 600 1441 664 continentur,
1487 614 1588 663 tam

193 692 307 754 ipsis
345 687 660 734 terrestribus
697 686 941 742 dominis,
999 702 1143 747 quam
1180 692 1228 730 et
1273 685 1477 732 subditis
1523 702 1590 733 se-

197 771 361 816 riatim
401 775 449 814 et
483 768 664 813 diserte
698 767 1045 828 exposuimuS,
1095 767 1390 829 eosdemque
1425 768 1485 813 ad
1519 783 1592 813 ac-

202 857 422 896 curatam
459 847 806 894 universorum
851 847 1204 910 obligationem
1241 846 1490 893 adhortati
1519 863 1594 893 su-

209 947 347 987 mus,
382 936 429 975 et
455 928 864 973 commonuimus.

325 1010 552 1057 Tandem
601 1023 752 1070 porro
803 1005 1003 1052 sublatis
1054 1007 1184 1053 circa
1225 1007 1590 1070 praestationes

201 1093 474 1138 urbm-iales
513 1104 603 1152 per
636 1090 684 1136 h.
725 1087 1078 1132 resolutionem
1127 1088 1318 1150 regiam
1351 1088 1595 1133 universis

199 1190 352 1219 unam
389 1172 637 1233 integram
673 1175 896 1212 octavam
923 1185 1024 1213 non
1058 1167 1385 1215 efficientibus
1430 1168 1484 1213 in
1516 1185 1597 1213 ur-

201 1252 380 1299 bariali
431 1249 610 1295 tabella
651 1263 865 1293 erronee
922 1247 1149 1310 expositis
1175 1248 1363 1306 fractis,
1398 1251 1484 1296 has
1508 1265 1600 1293 nec

200 1348 293 1395 per
316 1329 594 1376 dominium
620 1329 904 1374 terrestrale
934 1328 1063 1392 exigi
1091 1346 1252 1391 posse,
1288 1345 1450 1394 neque
1479 1345 1596 1376 vero

205 1429 298 1477 per
326 1410 542 1458 subditos
567 1408 810 1472 praestari
844 1407 1028 1453 debere
1052 1409 1418 1456 declaravimus.

331 1493 489 1556 Super
514 1507 608 1553 qua
629 1488 830 1551 praevio
869 1489 1020 1533 modo
1058 1504 1148 1550 per
1172 1505 1256 1534 nos
1281 1496 1480 1552 peracta
1521 1504 1598 1533 ex-

206 1571 431 1619 ecutione
455 1576 767 1632 praesentem
806 1567 1006 1613 fidelem
1050 1566 1255 1614 facimus
1288 1569 1598 1626 relationem3

209 1668 419 1714 eamque
480 1650 797 1713 praetitulato
833 1649 1046 1694 ³d0mino
1100 1649 1386 1695 comissario
1450 1647 1593 1709 regio

205 1733 259 1777 in
299 1731 484 1776 duobus
520 1728 965 1791 praesentavimus,
1012 1730 1063 1773 in
1105 1728 1253 1772 tertio
1285 1742 1403 1773 vero
1442 1732 1598 1771 terre-

207 1812 341 1856 strali
379 1810 633 1866 dominio,
688 1810 738 1853 in
781 1815 952 1870 quarto
989 1807 1198 1870 denique
1237 1806 1601 1868 exemplaribus

206 1891 383 1937 :incolis
420 1889 801 1936 extradedimus.
887 1890 1071 1933 Datum
1097 1887 1147 1933 in
1184 1889 1395 1933 antelata
1417 1900 1600 1949 posses-

210 1969 349 2018 sione
378 1971 433 2015 N.
462 1969 616 2013 Bilicz
645 1969 723 2014 die
750 1978 821 2017 18.
851 1983 957 2031 aug.
994 1979 1129 2017 1775.
1156 1969 1358 2014 Joannes
1384 1968 1601 2013 Besznak

211 2051 444 2096 exmissus
479 2049 780 2111 conscriptus
822 2064 889 2096 m.
926 2066 973 2110 p.
1011 2050 1089 2099 (L-
1120 2049 1187 2101 S.)
1230 2047 1496 2113 Stephanus
1536 2046 1602 2092 Si-

218 2130 387 2193 monyi
423 2129 675 2192 adjunctus
699 2145 765 2175 m.
796 2145 844 2191 p-
880 2129 960 2181 (L.
987 2129 1057 2182 S.)

766 2342 1049 2359 fflfflmmm
