1669 3189
582 190 653 204 w·-
707 169 796 227 495
854 189 948 224 --.

65 276 294 342 perpetui
321 274 590 322 urbariales
624 275 889 331 ineuntur,
938 273 1118 320 horum
1151 273 1369 337 alioquin
1400 295 1470 324 es-

64 359 267 405 sentiale
294 355 586 418 requisitum
614 363 711 412 est,
758 363 812 399 ut
847 355 899 399 in
942 355 1255 400 conclusione
1293 373 1467 403 eorum

63 440 219 485 omnis
247 435 510 483 coactionis
542 435 724 497 species
751 434 1024 491 devitetur,
1092 436 1173 498 qui
1197 443 1470 498 spontaneo

63 520 324 582 utriusque
375 516 528 578 partis
579 531 820 559 consensu
877 516 1261 572 concluduntur,
1324 517 1468 579 quive

66 600 282 645 clausula
313 595 660 659 perpetuitatis
686 611 744 638 ex
790 594 1038 639 voluntate
1064 598 1282 658 partium
1310 600 1469 659 provi-

60 677 209 725 dendi
227 676 513 722 altissimam
526 674 908 720 ratificationem
928 674 1251 735 obtinuerint,
1278 680 1460 741 proin.

21 740 25 745 v
63 757 402 806 alterabilibus
433 756 663 802 censendi
685 762 812 801 sunt.

195 842 482 886 Contractus
528 837 680 882 etiam
718 836 953 899 perpetui
987 844 1163 883 natura
1207 845 1255 882 et
1303 840 1469 888 indole

65 921 338 967 eorundem
356 917 729 964 circumstantiis
754 917 823 961 ita
845 916 1147 981 exigentibus
1162 919 1463 981 positionum

63 1002 388 1046 mutationem
425 998 703 1045 admittunt.

195 1083 252 1126 In
288 1097 427 1126 causa
453 1077 696 1124 urbariali
725 1077 896 1140 oppidi
921 1079 1041 1141 Baja
1072 1096 1178 1125 nro.
1209 1081 1464 1137 aul‚6209·

75 1172 216 1212 1300.
241 1161 460 1206 Tametsi
486 1177 566 1204 res
588 1160 952 1222 oppidanorum
985 1159 1118 1219 juxta
1169 1169 1470 1206 contractum

71 1252 209 1289 1750.
235 1242 304 1286 ita
323 1248 606 1302 comparata
632 1240 812 1297 suerit,
847 1248 899 1285 ut
930 1240 1012 1286 ille
1046 1241 1152 1303 ipse
1194 1248 1468 1286 contractus

69 1340 161 1385 pro
189 1328 436 1384 perpetuo
462 1322 686 1384 reputari
708 1322 909 1378 valeret,
949 1322 1062 1383 quia
1093 1328 1260 1368 tamen
1287 1325 1349 1368 ob
1367 1341 1473 1368 mu-

68 1411 224 1448 tatam
247 1418 339 1465 per
361 1403 668 1464 impopulata
693 1403 856 1447 medio
897 1411 1120 1466 tempore
1154 1404 1361 1467 praedia
1390 1423 1473 1466 op-

66 1483 184 1547 pido
199 1483 529 1544 incorporata,
545 1498 713 1527 rerum
738 1482 936 1539 faciem,
954 1501 1042 1529 nec
1065 1485 1241 1529 modus
1261 1485 1472 1529 eundem

67 1571 372 1610 contractum
402 1563 454 1626 in
496 1578 582 1607 sua
622 1562 905 1624 integritate
941 1563 1191 1607 retinendi
1246 1571 1471 1625 suppete-

66 1651 172 1700 ret,
219 1643 335 1689 hinc
386 1644 570 1705 oppido
615 1644 675 1688 ad
729 1642 1018 1689 colonicales
1055 1641 1310 1688 servitutes
1358 1643 1470 1707 cogi

69 1710 355 1785 nequeunte
374 1755 387 1779 ,
437 1730 743 1768 contractum
791 1724 907 1768 anni
942 1727 1080 1770 1767.
1108 1723 1191 1785 qui
1219 1724 1332 1768 alias
1362 1741 1475 1786 per-

74 1810 251 1865 petuus
291 1809 392 1858 est,
439 1803 603 1864 quoad
644 1803 899 1848 nonnullas
936 1802 1207 1865 positiones
1244 1804 1471 1868 benignis

69 1882 194 1928 ideis
244 1884 406 1928 minus
445 1883 791 1939 accomodum,
851 1898 943 1945 per
988 1883 1263 1929 ineundum
1293 1904 1474 1933 novum

71 1963 228 2010 libero
271 1965 530 2026 utriusque
560 1963 712 2026 partis
740 1980 851 2008 cum
886 1965 1171 2010 interventu
1193 1965 1344 2010 etiam
1378 1984 1477 2013 ma-

77 2045 305 2108 gistratus
363 2045 711 2102 comitatensis,
745 2061 986 2091 consensu
1018 2045 1086 2092 ita
1121 2047 1474 2093 stabiliendum

73 2141 192 2184 esse,
236 2133 291 2170 ut
318 2126 492 2171 exinde
539 2125 759 2171 exmissis
795 2126 1101 2172 exmittendis
1157 2129 1476 2173 rectificanda

77 2206 427 2251 rectificentur.
473 2206 619 2267 Cujus
640 2213 805 2252 tamen
836 2207 913 2252 vel
938 2205 1314 2271 similisobjecti
1349 2208 1476 2253 deci-

72 2288 142 2332 sio
180 2303 376 2349 semper
403 2288 462 2333 ab
491 2287 724 2333 altissima
760 2288 1061 2334 resolutione
1092 2290 1359 2352 dependet.

208 2369 547 2413 communitas
573 2368 745 2431 oppidi
777 2369 925 2414 Mako
966 2368 1017 2414 in
1053 2370 1367 2416 Csanadiensi
1401 2387 1476 2416 co-

73 2448 259 2496 mitatu,
295 2449 466 2495 hahuit
508 2466 757 2512 peraeque
800 2457 1106 2496 contractum
1161 2458 1475 2514 perpetuum,

79 2529 278 2574 mutatis
323 2528 699 2575 circumstantiis
738 2531 798 2576 ad
832 2531 1103 2576 terminum
1142 2543 1196 2580 15
1231 2547 1475 2577 annorum

73 2610 332 2654 reductum
375 2618 422 2655 et
467 2618 754 2668 extensum3
787 2629 896 2658 nro.
928 2612 1021 2658 aul.
1059 2617 1200 2670 4958.
1234 2618 1374 2661 1802·
1412 2636 1476 2644 --

78 2694 217 2744 8634-
258 2697 394 2740 1804.
1282 2698 1285 2700 ·

204 2771 303 2819 Etsi
340 2773 532 2818 nullum
579 2774 839 2837 vestigium
873 2772 1023 2831 adsit,
1070 2791 1165 2837 quo
1205 2774 1476 2838 perennali-

76 2854 147 2895 tas
180 2860 455 2900 contractus
473 2853 677 2917 alicujus
707 2855 1009 2918 interpartes
1027 2855 1139 2901 initi
1163 2856 1478 2917 probari‚aut
