1669 3189
588 132 929 189 *⁶599*

70 250 170 287 tem
213 238 492 305 lignationis
524 240 742 284 retinere
769 239 1048 284 desiderant
1071 271 1084 295 ,
1119 247 1292 283 tenore
1325 256 1461 301 prae»-

68 323 264 386 allegati
291 322 497 385 benigni
519 322 705 366 urbarii
730 321 781 366 in
809 321 1098 383 praehabito
1131 321 1305 366 talium
1340 340 1460 382 usu,

70 411 119 448 et
151 403 448 465 possessorio
477 409 612 446 tanto
641 401 817 446 certius
848 402 1215 463 relinquantur,
1251 409 1297 446 et
1335 403 1462 446 abe-

65 483 241 528 neficio
288 483 569 545 lignationis
622 482 738 527 alibi
766 480 1056 543 assignando
1093 482 1458 539 abstrahantur,

70 572 248 625 quanto
279 564 439 608 minus
460 568 883 625 praememoratae
911 562 1086 623 sylvae,
1116 562 1254 607 salvis
1281 561 1333 605 in
1363 562 1458 607 hoc

70 659 264 704 quoque
314 659 466 706 regno
488 641 827 705 praestabilitis
854 642 1170 703 regulationis
1198 640 1456 703 principiis

67 722 119 767 in
146 730 327 768 sortem
358 721 647 768 constitutivi
673 720 909 784 imputari
935 728 1148 783 possunt.

67 884 283 947 (Quoad
309 884 588 944 lignorum
618 883 1000 927 distractionis
1032 875 1374 943 beneficiam,
1404 881 1463 925 li-

131 965 366 1008 gnorum
397 951 524 993 item
557 952 875 1004 sectionem,
926 956 978 994 et
1024 950 1463 995 convectionem.)

212 1069 257 1103 5.
290 1057 540 1118 Siquidem
563 1065 671 1119 post
684 1058 884 1103 Consilii
906 1058 1048 1120 hujus
1075 1059 1200 1120 regii
1224 1057 1464 1100 locumte-

69 1135 293 1179 nentialis
327 1136 668 1198 dispositiones
694 1138 780 1182 sub
814 1146 857 1192 4.
879 1137 1147 1193 februarii,
1185 1144 1231 1181 et
1257 1146 1316 1184 50
1341 1150 1465 1178 mar-

72 1219 128 1261 tii
153 1216 266 1262 anni
297 1217 606 1262 decurrentis
638 1218 690 1261 in
725 1235 779 1263 eo
816 1218 979 1273 factas,
1017 1235 1076 1262 ne
1107 1216 1336 1261 videlicet
1360 1213 1467 1256 sub-

68 1298 156 1341 diti
175 1297 228 1340 in
258 1304 550 1358 praeusuato
582 1299 830 1360 lignorum
856 1297 1209 1352 distractionis,
1248 1303 1295 1340 et
1323 1309 1466 1357 quae-

67 1384 163 1420 stus
191 1376 431 1421 beneficio
461 1393 552 1437 per
585 1376 804 1421 dominia
830 1385 1115 1434 arceantur,
1152 1384 1199 1422 et
1236 1376 1319 1421 ubi
1360 1376 1466 1419 sub-

71 1457 161 1501 diti
207 1455 447 1509 bene-ficio
483 1456 764 1518 lignationis
816 1457 1074 1513 fruuntur,
1123 1457 1224 1513 illi,
1279 1456 1360 1518 qui
1394 1456 1465 1517 ju-

71 1536 252 1582 mentis
298 1534 484 1597 provisi
536 1542 679 1591 sunt,
726 1537 919 1580 nonnisi
964 1537 1025 1579 acl
1069 1537 1432 1581 com-ectionem
1450 1567 1463 1590 ,

68 1618 141 1662 his
182 1633 298 1661 vero
345 1615 564 1660 destituti
602 1617 662 1660 ad
699 1616 849 1660 solam
877 1632 904 1658 a
941 1616 1264 1677 proportione
1293 1616 1461 1660 sessio-

73 1713 192 1742 num
219 1710 419 1740 suarum
443 1695 696 1754 lignorum
721 1695 982 1756 orgialium
1010 1696 1363 1741 consectionem
1399 1703 1465 1739 te-

70 1782 311 1829 neantur,
344 1788 499 1818 novae
523 1773 705 1817 iterum
729 1775 989 1818 instantiae
1018 1775 1259 1819 exhibitae
1291 1782 1464 1832 essent,

76 1858 248 1920 quibus
291 1854 459 1898 miseri
496 1852 859 1897 contribuentes
887 1861 1215 1914 praeattactae
1266 1854 1464 1917 ligno-

71 1954 205 1981 rum
262 1933 716 1979 distractionis
752 1934 1152 1978 hen-esicium
1189 1934 1460 1978 maximum

73 2017 200 2062 vitae
242 2032 385 2070 suae,
421 2021 468 2059 et
514 2014 966 2075 supportandorum
1001 2031 1208 2059 onerum
1240 2014 1462 2058 medium

72 2097 163 2144 sibi
212 2097 343 2143 ultro
386 2095 556 2157 negari
579 2126 592 2149 ,
626 2093 877 2156 lignorum
912 2112 940 2138 v
959 2110 983 2138 e
999 2111 1022 2136 r
1039 2111 1065 2138 o
1104 2111 1126 2137 c
1142 2111 1168 2138 o
1183 2112 1213 2137 n
1232 2113 1250 2139 s
1270 2112 1294 2138 e
1313 2113 1335 2140 c
1352 2103 1369 2138 t
1385 2096 1399 2139 i
1416 2112 1464 2139 0-

73 2193 237 2232 nem,
281 2184 342 2220 et
381 2174 853 2219 convectionem
889 2174 947 2218 ab
965 2191 1060 2219 uno
1085 2174 1360 2236 eodemque
1382 2174 1463 2219 de-

75 2257 283 2303 siderari
308 2255 603 2301 sensibiliter
628 2262 891 2316 exponunt.

203 2339 320 2383 Ideo
356 2337 678 2399 praetitulatis
708 2337 767 2379 D.
794 2335 961 2380 vestris
994 2335 1122 2378 ultro
1160 2332 1368 2391 comitti,
1408 2341 1462 2378 ut

79 2419 167 2464 sub
194 2419 458 2480 praecitato
482 2418 591 2461 dato
611 2416 792 2460 abhinc
821 2416 960 2461 factas
980 2415 1336 2477 dispositiones,
1364 2422 1461 2459 tan-

76 2515 221 2562 quam
254 2500 304 2543 in
328 2499 542 2561 generali
572 2498 887 2561 regulationis
921 2496 1182 2542 urbarialis
1220 2496 1458 2542 sistemate

75 2580 323 2635 fundatas,
347 2597 443 2624 non
470 2586 659 2623 tantum
683 2581 732 2624 in
763 2579 855 2624 suis
894 2575 1349 2641 congregationibus
1377 2596 1461 2639 pu-

75 2662 286 2717 blicent,
323 2662 408 2705 sed
436 2662 586 2706 etiam
621 2660 680 2704 ad
715 2660 937 2705 effectum
969 2675 1027 2704 eo
1057 2657 1203 2702 modo
1231 2659 1459 2721 dirigant,
