1669 3189
593 172 932 228 ‘⁹”307m

71 285 132 329 de
169 288 218 327 et
241 285 406 327 exacte
433 279 650 343 dignosci
673 281 879 335 valeant,
918 276 1182 323 acintuitu
1215 285 1311 319 non
1344 289 1473 320 com*

70 364 382 425 planatorum
419 378 535 404 mox
559 360 800 406 ulteriora
836 365 1111 418 opportuna
1146 354 1337 416 disponi
1366 370 1473 415 pos·-

68 445 176 488 sint.
245 445 352 488 Una
385 458 503 486 vero
548 447 845 502 punctorum
883 438 1063 482 horum
1104 436 1472 482 exactissimum.

68 522 395 567 observ-amen
432 535 598 563 coram
634 534 682 562 se
729 515 1043 560 existentibus
1073 513 1285 560 dominis
1322 521 1475 557 terre-

67 601 281 657 stribus,
317 601 393 644 vel
423 597 693 642 eorundem
727 593 1046 650 officialibus,
1096 604 1143 639 et
1171 594 1375 639 subditis
1409 593 1475 637 al-

67 681 258 725 tissimo
291 677 490 721 nomine
522 676 663 738 regio
690 676 961 736 imponent.

202 759 249 804 Si
274 774 392 802 vero
429 765 631 819 praeter
661 772 880 801 omnem.
901 771 1066 816 spem,
1102 759 1149 800 et
1184 756 1472 818 expectatio-

13 869 22 875 ι
64 857 178 888 nem
214 845 398 900 puncta
428 838 520 882 ista
538 837 791 900 prohibita
809 837 1042 881 hactenus
1087 852 1171 880 seu
1196 838 1344 894 nulli,
1386 855 1472 882 seu

67 920 180 965 huic
203 920 280 965 vel
307 919 382 964 illi
406 920 531 975 loeo,
570 934 658 964 seu
686 919 833 980 plane
858 934 976 973 non,
1012 933 1098 960 seu
1134 917 1311 979 absque
1334 936 1471 980 prae-

77 1001 259 1063 scripta
300 999 578 1045 authentica
618 998 928 1060 expeditione
963 996 1166 1041 fuissent
1203 998 1470 1053 extradita9

68 1097 181 1126 casu
220 1079 273 1124 in
309 1080 400 1124 hoc
463 1096 708 1141 peraeque
752 1078 920 1123 medio
957 1070 1261 1123 *vicecomitis
1303 1078 1474 1122 comis-

65 1162 194 1207 sario
218 1160 357 1222 regio
386 1161 484 1204 fine
512 1160 596 1203 illo
634 1160 817 1204 saciant
851 1159 1117 1221 genuinam
1154 1158 1468 1213 relationem,

65 1249 119 1286 ut
155 1240 319 1286 statim
359 1240 447 1284 sub
492 1238 724 1300 proxima
776 1240 1035 1284 comitatus
1086 1237 1471 1300 congregatione

66 1319 348 1377 istiusmodi
385 1318 599 1380 desectus
643 1320 860 1379 suppleri
883 1352 898 1373 9
936 1318 1240 1362 authenticae
1283 1316 1478 1378 expedi-

66 1400 226 1444 tiones
266 1413 381 1441 mox
410 1396 751 1457 adpromptari
768 1429 781 1451 9
834 1413 887 1440 ac
910 1397 1024 1440 dein
1049 1397 1350 1457 praescripta
1375 1414 1476 1440 mod

68 1478 276 1532 dalitate,
311 1476 546 1537 requisita
571 1476 658 1520 sub
685 1476 1110 1522 authenticatione
1148 1477 1337 1539 singulo
1362 1477 1472 1522 loco

68 1556 269 1604 indilate
295 1554 569 1618 consignari
589 1557 798 1602 valeant.

656 1691 777 1728 ΛΒΤ.
825 1691 887 1727 VI.

69 1803 151 1844 De
192 1800 502 1842 excessibus
554 1806 605 1842 et
652 1801 886 1844 motibus
930 1800 1231 1845 rusticanis
1280 1808 1474 1844 conlra

71 1865 532 1909 introductionem
578 1867 796 1909 lit-barii
853 1868 1015 1910 etiam
1073 1882 1168 1924 ope
1208 1868 1474 1911 militaris

390 1931 739 1975 assistentiae
792 1932 1151 1976 vindicandis.

182 2052 435 2116 ‘Quamvis
467 2053 667 2114 quidem
700 2053 947 2116 prioribus
982 2054 1119 2099 annis
1159 2062 1472 2117 erumpentes

74 2133 187 2177 hinc
224 2122 341 2176 inde
388 2132 623 2178 rusticani
668 2142 827 2179 motus
858 2167 872 2191 9
935 2143 982 2179 et
1012 2135 1378 2197 inquietudines
1406 2137 1473 2181 ita

55 2220 174 2258 ‘esse
191 2214 341 2257 sedati
375 2214 689 2276 undiquaque
726 2215 1086 2276 dignoscantur,
1104 2222 1156 2258 ut
1169 2215 1473 2276 peramplius

74 2295 369 2339 assistentiae
408 2294 637 2338 militaris
667 2293 926 2339 necessitas
953 2311 1050 2338 non
1092 2310 1193 2337 esse
1221 2293 1472 2349 videatur,

73 2374 113 2418 si
145 2380 312 2438 tamen
337 2380 534 2435 praeter
563 2390 701 2436 spem
721 2407 734 2430 9
782 2382 828 2418 et
870 2372 1278 2435 exspectationem
1318 2389 1474 2418 emer-

70 2461 244 2516 gerent
287 2469 422 2496 casus
474 2453 616 2509 tales,
689 2453 742 2497 in
792 2454 962 2515 quibus
1012 2450 1288 2496 comissarii
1342 2452 1473 2514 regii

76 2533 296 2594 expensis
339 2532 661 2578 nihilominus
705 2534 907 2595 praevie
951 2532 1156 2577 sollicita
1201 2548 1314 2577 cum
1351 2532 1474 2595 vigi-

71 2613 220 2658 lantia
244 2646 258 2669 9
295 2620 343 2656 et
369 2600 662 2670 attentione9
702 2614 925 2658 omnibus
962 2613 1020 2656 ad
1048 2628 1155 2655 rem
1188 2610 1472 2659 facientibus

77 2693 453 2739 circumstantiis
491 2694 830 2739 necessitatem
870 2693 1207 2739 inevitabilem
1256 2711 1475 2757 emerge-

76 2789 131 2816 re
156 2774 564 2829 observaverint,
624 2774 834 2837 huicque
875 2775 1006 2819 malo
1050 2775 1150 2820 sola
1200 2774 1474 2837 hajdonum
