1669 3189
713 207 770 218 m—
839 183 1054 225 526--0

189 296 244 340 'in
281 308 397 356 pace
433 307 518 337 sua
543 291 628 335 sub
657 286 964 349 protectione
989 287 1224 332 altissima
1250 303 1482 335 caesareo
1514 305 1588 336 τε.

194 374 276 438 gia
306 372 660 434 requiescentes
687 367 932 413 turbando
961 367 1260 431 imaginariis
1284 368 1584 431 argumentis

196 456 256 500 ad
274 449 572 498 reiterandas
595 448 922 510 querimonias
952 464 1057 494 suas
1083 449 1185 511 jam
1212 457 1478 510 superatas,
1505 457 1587 494 aut

194 536 256 581 ad
305 546 452 577 novas
509 529 782 576 infundatas
833 530 1180 592 proponendas
1235 529 1586 584 sufflaminant‚

196 609 481 675 quaerenda
527 627 625 656 esse
663 611 916 667 videatur3
976 609 1394 672 quemadmodum
1427 614 1591 670 pater·
1655 638 1658 641 Δ

192 708 285 738 nae
315 690 630 736 sollicitudini
669 708 781 737 suae
829 690 1096 750 Majestatis
1138 688 1492 735 sacratissimae
1521 688 1594 734 in·-

194 781 348 818 terest
379 772 645 834 superinde
668 772 931 834 providere
949 804 961 828 ,
1012 788 1072 816 ne
1110 771 1428 816 contribuens
1453 769 1591 830 plebs

194 855 327 898 ultra
356 860 732 898 tractamentam
763 852 1009 896 urbariale
1035 868 1125 914 per
1149 852 1486 896 introductum
1514 864 1596 893 ur-

195 933 411 989 barium,
449 934 771 977 cohaerenter
795 931 1034 976 altissimis
1052 932 1429 977 resolutionibus
1445 929 1594 993 regiis

198 1012 496 1068 stabilitum,
553 1027 744 1073 quoquo
775 1010 920 1054 modo
961 1017 1223 1071 gravetur,
1287 1011 1357 1056 ita
1393 1009 1599 1056 admini-

197 1093 444 1138 strationis
474 1108 666 1155 quoque
698 1089 921 1152 publicae
954 1087 1203 1148 objectum
1226 1092 1508 1147 constituit,
1545 1097 1599 1135 ut

208 1173 545 1236 querimoniae
581 1172 620 1217 si
647 1186 769 1233 quae
796 1177 933 1226 sunt,
989 1170 1160 1215 ordine
1193 1178 1241 1215 et
1263 1171 1342 1217 via
1366 1169 1602 1232 praescri-

202 1254 299 1316 ptis
331 1258 720 1315 pertractentur,
765 1267 888 1296 neve
923 1249 1323 1296 cursitationibus
1356 1257 1404 1295 et
1433 1266 1605 1312 expen-

206 1335 269 1378 sis
292 1332 521 1378 inanibus
557 1330 876 1377 contribuens
904 1337 1152 1393 gravetur.

331 1415 458 1458 Hinc
488 1412 694 1457 modum
723 1412 797 1456 his
834 1410 1060 1456 omnibus
1107 1428 1191 1456 sua
1224 1410 1452 1472 Majestas
1478 1410 1607 1473 posi-

202 1501 334 1552 tura,
356 1495 531 1540 iterato
564 1493 853 1555 saepiusque
887 1493 1158 1536 clementer
1180 1490 1416 1548 decrevit,
1451 1499 1504 1535 ut
1531 1502 1609 1539 ori

207 1576 482 1620 dinationes
508 1574 674 1636 regiae
714 1573 842 1616 circa
879 1572 1091 1633 qualiter
1114 1572 1501 1633 promovendas,
1553 1569 1607 1615 in

208 1672 318 1701 casu
348 1656 460 1710 illo,
506 1652 592 1699 ubi
627 1660 789 1714 partes
825 1652 989 1697 deciso
1011 1653 1342 1698 concernentis
1366 1651 1462 1696 sori
1497 1667 1607 1696 con-

207 1744 368 1782 tentae
394 1751 496 1779 non
530 1741 669 1790 sunt,
720 1733 1056 1795 querimonias
1091 1740 1343 1777 emanatae
1370 1730 1608 1775 strictissi-

209 1833 291 1861 me
318 1817 670 1871 observentur-3
703 1829 800 1857 una
833 1813 893 1857 ad
930 1812 1303 1858 antevertendas
1328 1810 1495 1855 inanes
1528 1826 1606 1855 ex-

210 1911 412 1958 pensas,
467 1893 762 1956 praesertim
801 1899 1070 1954 propterea
1108 1890 1425 1936 instituendas
1453 1875 1609 1936 'colle.

212 1982 285 2021 tas
309 1984 428 2037 (que
459 1973 762 2019 severissime
791 1971 1071 2035 prohibitae
1103 1979 1237 2023 sunt)
1264 1978 1312 2016 et
1338 1971 1611 2017 cursitatio-¹

212 2071 302 2100 nes
324 2054 375 2098 id
406 2054 553 2099 etiam
585 2054 882 2110 declaretur,
918 2053 1162 2116 singulum
1184 2053 1234 2097 in
1262 2051 1449 2097 casibus
1470 2064 1613 2114 prae-

215 2134 427 2196 scriptae
451 2134 725 2179 modalitati
761 2131 1137 2178 cohaerentibus
1161 2131 1222 2176 ad
1240 2131 1510 2178 Consilium
1537 2149 1611 2178 re-

215 2215 356 2278 gium
391 2216 852 2270 locumtenentiale,
907 2220 988 2259 aut
1021 2211 1256 2258 altissimo
1294 2213 1400 2257 loco
1448 2229 1614 2258 recur-

217 2311 420 2352 surum,
475 2303 631 2341 semet
654 2294 955 2358 passualibus
991 2308 1018 2336 a
1051 2290 1389 2355 jurisdictione
1418 2292 1614 2338 comita·
1666 2328 1669 2331 -

221 2377 344 2422 tensi
375 2376 453 2428 (in
488 2392 655 2422 casum
683 2393 775 2438 quo
802 2375 906 2438 quis
939 2374 1155 2419 absolute
1182 2372 1256 2416 ire
1282 2373 1444 2430 vellet,
1480 2389 1614 2419 secus

225 2457 477 2502 ordinaria
507 2457 585 2502 via
625 2456 951 2507 observanda)
993 2453 1305 2499 extrahendis
1348 2453 1616 2515 providere

228 2537 408 2583 debore
428 2572 441 2595 ,
489 2555 622 2584 secus
655 2537 869 2582 eundem
896 2536 999 2581 sine
1031 2551 1170 2580 mora
1208 2535 1269 2580 ad
1299 2534 1462 2578 locum
1488 2533 1618 2577 rein-

228 2616 493 2676 viandum,
557 2626 604 2664 et
631 2635 723 2682 pro
764 2618 1004 2664 demerito
1043 2616 1351 2671 puniendum
1385 2614 1511 2672 sore3
1558 2613 1619 2657 ad

231 2698 523 2745 cohibendas
563 2718 677 2748 vero
722 2700 894 2746 inanes
922 2680 1182 2761 experisas,
1236 2702 1618 2743 consentaneum

234 2793 362 2835 e5⁵33
409 2786 463 2824 Ul
507 2782 566 2826 ad
605 2781 903 2845 detegendos
924 2781 1065 2837 illos,
1121 2778 1204 2841 qui
1227 2774 1618 2824 contribuentem
