1669 3189
607 161 948 213 melis„

62 272 194 317 sione
216 269 336 330 juris
362 269 593 316 exurendi
620 270 819 314 cremati
844 276 942 314 tam
965 269 1014 313 in
1032 267 1232 330 proprio
1249 300 1262 322 ‚
1302 284 1449 329 quam

60 353 219 396 alieno
246 353 419 396 cacabo
447 364 473 399 2
499 349 562 399 fr.
587 352 952 411 dependantur,
1007 356 1052 392 et
1076 365 1186 392 cum
1221 348 1446 392 dominiis

58 448 115 476 ex
150 432 344 476 urban-io
369 431 600 493 obligatio
624 447 718 475 non
745 429 1016 484 incumbat,
1065 429 1276 474 subditos
1300 428 1443 490 lignis

57 529 149 573 pro
176 513 422 557 exustione
450 513 652 557 cremati
682 512 892 573 gratuito
917 509 1228 571 providendi,
1264 507 1444 553 subditi

57 599 329 636 crematum
374 610 576 638 exurere
622 593 865 646 volentes,
928 590 987 633 ad
1037 589 1301 634 ineundam
1353 605 1445 650 pro

54 670 202 732 lignis
236 672 286 716 in
325 672 453 716 hunc
482 673 630 716 finem
665 668 947 715 necessariis
983 685 1093 712 cum
1129 667 1360 713 dominiis
1394 667 1449 712 li-

53 747 227 795 beram
262 750 633 810 conventionem
672 751 800 794 ultro
839 765 1030 811 quoque
1063 750 1337 803 invientur‚
1399 757 1446 794 et

55 831 115 872 ad
147 830 333 880 idmodi
366 829 741 874 conventionem
787 830 885 874 sive
924 829 1110 873 directe
1152 845 1242 890 pro
1282 830 1444 891 lignis,

56 910 154 970 sive
193 918 340 970 prout
381 911 431 955 in
467 910 802 972 compluribus
850 908 965 953 locis
1004 910 1315 954 observatum
1358 918 1446 965 est,

59 991 146 1033 sub
177 989 315 1034 titulo
345 1002 369 1038 5
395 1007 563 1035 xror.a
591 990 773 1035 fossore
791 988 1072 1045 vinearum,
1102 990 1175 1032 vel
1201 1007 1226 1034 a
1254 990 1445 1052 singula

0 1060 1 1099 ἶ
54 1085 179 1114 urna
203 1086 477 1130 prunorum
524 1083 543 1117 1
574 1088 646 1114 xr.
674 1070 963 1126 ineundam,
1010 1069 1081 1113 illi
1116 1077 1304 1113 tantum
1340 1073 1446 1113 sub-

0 1154 1 1159 ’
55 1151 160 1197 diti!
188 1152 491 1214 obligentur,
550 1151 632 1212 qui
673 1158 946 1196 crematum
985 1150 1200 1194 effective
1237 1165 1444 1194 exurere

52 1235 236 1285 volunt,
278 1231 553 1277 cuiusmodi
581 1232 901 1277 conventione
919 1233 1185 1287 subsecuta,
1224 1230 1444 1274 dominia

51 1313 101 1357 in
146 1313 273 1356 hunc
307 1313 458 1356 finem
496 1311 765 1355 necessaria
799 1311 928 1373 ligna
962 1311 1275 1373 suppeditare
1316 1318 1446 1354 tene-

1 1442 2 1445 *
51 1400 211 1438 antur.
283 1394 336 1437 In
379 1391 566 1452 reliquo
600 1391 756 1436 libero
784 1399 1010 1436 manente
1049 1409 1131 1446 eo,
1169 1392 1205 1436 si
1231 1391 1446 1436 dominia

52 1490 163 1516 cum
195 1471 396 1517 subditis
426 1472 575 1516 relate
612 1472 672 1514 ad
708 1472 798 1515 hoc
833 1479 1072 1532 punctum
1109 1473 1201 1516 alia
1237 1471 1442 1525 ratione,

0 1563 3 1614 j
52 1553 321 1598 observatis
370 1550 655 1610 ceteroquin
696 1550 756 1594 de
791 1551 1095 1612 praescripto
1144 1552 1330 1596 urbarii
1365 1552 1445 1595 ob-

58 1633 337 1688 servandis,
375 1630 636 1675 convenire
673 1629 933 1676 voluerint.

311 1761 650 1806 Edacillatio
688 1761 819 1813 υιήἰ,
853 1767 904 1803 et
932 1762 1177 1804 cremati.

185 1879 259 1916 15.
297 1867 468 1931 Quoad
493 1866 891 1912 educillationem
921 1865 1022 1909 vini
1053 1866 1226 1909 eadem
1251 1882 1443 1922 norma,

53 1950 249 2012 quaein
278 1948 545 2010 hungarico
567 1947 782 2000 urbario,
833 1946 1132 2007 praescripta
1166 1953 1249 1991 est.
1318 1949 1440 2009 Quo-

52 2031 114 2075 ad
146 2029 543 2074 educillationem
570 2028 772 2072 cremati
801 2026 1097 2081 ordinatum,
1137 2034 1188 2070 ut
1233 2027 1436 2071 subditis

54 2110 322 2156 sirmiensis
350 2110 600 2154 comitatus
618 2140 630 2164 ,
678 2107 731 2150 in
758 2107 929 2150 iisdem
948 2140 960 2162 ‚
1007 2107 1089 2168 qui
1119 2108 1270 2151 relate
1295 2109 1355 2151 ad
1379 2108 1444 2153 vi.

51 2207 174 2237 num
199 2189 485 2252 praescripti
510 2195 646 2243 sunt,
684 2187 905 2231 terminis
941 2186 1242 2248 generaliter
1275 2187 1446 2231 admit.

55 2279 216 2328 tatur,
268 2279 315 2315 et
347 2277 448 2314 tam
486 2270 602 2313 haec
633 2269 885 2330 utriusque
919 2268 1106 2312 ordinis
1147 2267 1442 2324 educillatio‚

56 2367 201 2413 quam
248 2357 295 2395 et
330 2350 551 2395 ciborum
577 2365 668 2410 pro
701 2348 976 2410 peregrinis
1009 2356 1055 2392 et
1080 2348 1445 2393 intervenienti-

53 2433 140 2477 bus
159 2465 171 2486 ‚
221 2447 335 2493 erga
361 2430 649 2475 solutionem
679 2428 1092 2483 subministratio,
1128 2427 1176 2470 in
1206 2434 1441 2489 quantum

5 2516 8 2527 ⁵
57 2510 430 2557 communitates
456 2508 743 2554 formalibus
765 2508 1043 2555 diversoriis
1061 2508 1284 2570 provisae
1314 2513 1444 2563 sunt„

55 2594 210 2638 libere
244 2607 438 2653 semper
468 2596 766 2637 exerceatur.
