1669 3189
577 148 918 201 m463-m

72 256 192 301 ditio
217 252 502 308 fundorum,
537 252 737 297 libertas
762 253 883 297 item
912 250 1108 307 cambii,
1144 256 1188 295 et
1216 250 1466 313 impigno-

68 334 272 380 rationis
301 340 590 378 tenutorum
613 333 796 379 rustica
822 348 973 377 manu
999 332 1301 377 excultorum
1323 349 1462 394 prae-

66 416 238 470 fuerit,
277 421 323 458 et
350 431 374 458 a
402 430 499 476 quo
528 420 751 474 tempore
771 413 796 458 ⁴?
831 410 878 456 Si
903 411 1035 456 enim
1060 413 1180 457 haec
1216 410 1314 473 jam
1353 419 1462 457 ante

65 504 112 541 et
135 503 240 558 post
264 494 599 539 introductum
621 490 878 534 urbm-ium
893 491 1092 536 realiter
1120 491 1461 547 exercebatur,

61 583 176 619 tunc
212 573 438 620 inhibitio
472 570 763 615 officiolatus
792 571 1056 616 dominalis
1091 574 1316 619 tardioris
1351 591 1461 635 epo-

63 655 212 709 chae,
247 650 548 715 praeprimis
577 650 617 696 si
662 650 782 695 reali
814 667 905 695 usu
944 651 1076 696 haud
1117 653 1176 697 sit
1211 656 1460 712 roborata,

61 736 145 780 sed
171 750 256 778 nec
298 732 554 777 autoritate
593 729 948 792 jurisdictionis
971 731 1140 792 legalis
1175 741 1221 776 et
1252 751 1461 780 necessa-

65 815 141 858 rio
168 810 603 857 administrationis
638 819 882 857 caractere
917 811 1089 857 vestita
1132 812 1311 870 suerit,
1360 815 1462 876 ejus

59 894 271 957 vigoris,
317 900 365 936 et
401 891 697 937 extensionis
747 891 970 953 reputari
1013 893 1144 938 haud
1174 901 1361 955 potest,
1408 903 1462 939 ut

61 976 249 1019 motivo
284 973 434 1030 illius,
459 972 752 1019 subditelam
780 973 831 1018 in
850 973 1111 1026 obversum
1133 973 1460 1037 benignarum

57 1053 444 1110 resolutionum,
487 1061 654 1098 contra
688 1069 836 1097 omne
865 1051 942 1112 jus
973 1059 1018 1097 et
1056 1070 1229 1115 aequm
1266 1056 1458 1116 gravius

3 1162 9 1165 ν
56 1136 108 1180 in
143 1153 200 1179 eo
258 1132 563 1180 damnificari
613 1138 866 1193 oporteat,
913 1138 968 1175 ut
1020 1149 1325 1180 summarum
1360 1153 1458 1182 em-

59 1214 377 1275 ptionaliurn,
419 1211 855 1267 venditionalium,
893 1217 974 1255 aut
1018 1210 1457 1260 investitionalium

60 1293 299 1354 jacturam
327 1295 561 1356 patiatur.

185 1384 230 1420 2.
269 1373 316 1416 Si
340 1389 364 1416 e
398 1371 790 1416 consensualibus
808 1369 1019 1415 dominii
1045 1375 1338 1419 terrestralis
1367 1393 1457 1437 pro

55 1460 194 1513 parte
218 1459 266 1495 et
295 1452 356 1496 ad
383 1452 629 1496 rationem
649 1450 939 1495 colonorum
969 1452 1177 1496 exaratis
1193 1454 1457 1514 perspicia-

59 1539 139 1576 tur
165 1540 339 1577 natura
385 1539 431 1577 et
462 1532 652 1577 indoles
697 1536 983 1575 tenutorurn
1023 1530 1456 1592 extirpatitiorum,

61 1627 184 1673 quae
220 1619 401 1673 empta,
426 1612 640 1667 vendita,
679 1616 761 1654 aut
788 1610 962 1672 legata,
993 1610 1068 1654 vel
1094 1610 1325 1656 divisioni
1352 1615 1457 1659 sub-

59 1701 205 1737 strata
250 1702 385 1750 sunt,
437 1694 489 1738 in
545 1709 757 1755 quorum
805 1697 1048 1753 perpetuo
1086 1708 1138 1736 ac
1184 1694 1456 1740 irrestricto

58 1774 347 1835 possessorio
381 1773 543 1818 coloni
577 1773 713 1835 juxta
741 1771 895 1816 libros
928 1770 1212 1829 funduales,
1243 1782 1323 1819 aut
1349 1776 1456 1821 lite-

61 1869 136 1897 ras
168 1854 388 1914 guerales
423 1853 481 1898 de
521 1868 795 1898 successore
833 1851 884 1896 in
928 1868 1240 1901 sussessorem
1293 1857 1456 1901 relicti

62 1935 358 1998 extiterunt,
409 1941 522 1978 tunc
573 1933 848 1977 nullatenus
891 1947 1002 1975 cum
1035 1933 1224 1995 legibus
1247 1966 1261 1989 ,
1298 1943 1345 1979 et
1374 1937 1456 1981 be-

36 2014 202 2077 'nigni
242 2014 432 2058 urharii
492 2001 667 2075 spiritu
711 2002 1025 2068 conciliatur,
1081 2020 1135 2056 ut
1180 2014 1369 2061 favores
1408 2026 1455 2063 et

60 2095 169 2157 jura
193 2080 584 2140 consensualibus
615 2091 846 2147 dominii,
884 2099 930 2136 et
961 2091 1186 2138 continuo
1225 2112 1312 2139 usu
1350 2114 1455 2141 san-

63 2176 154 2220 cita
175 2175 355 2237 perimi
378 2206 391 2229 ,
429 2172 643 2232 adeoque
690 2171 897 2214 actuales
923 2169 1188 2216 fundorum
1217 2191 1453 2234 possesso-

68 2274 143 2301 res
161 2273 310 2317 penes
344 2253 670 2296 instrumenta
693 2283 707 2307 ,
744 2266 865 2312 quae
899 2250 1241 2312 perpetuitatis
1277 2272 1454 2316 posses.

63 2337 179 2383 sorii
236 2336 294 2380 de
363 2349 635 2379 successore
700 2332 760 2375 ad
803 2349 1132 2378 successorem
1189 2335 1453 2382 clausulam

32 2402 400 2470 'contine-rent,
462 2412 637 2458 iisdem
686 2412 846 2457 fundis
890 2412 1074 2474 privari
1105 2414 1452 2474 admittant11r3

20 2500 23 2509 ¹
65 2504 198 2542 tanto
223 2496 417 2550 minus,
455 2494 584 2556 quod
612 2494 785 2538 usitata
822 2493 1057 2550 clausula,
1101 2499 1334 2541 servatis
1380 2504 1455 2542 ta-

67 2594 186 2624 men
212 2577 446 2638 juribus
487 2574 879 2629 dominalibns,
942 2591 1062 2635 quae
1101 2591 1454 2637 nonnunquam

54 2656 456 2705 .,c0nsensualibus
482 2654 716 2699 inseritur
733 2685 745 2708 ‚
772 2654 829 2697 de
863 2654 968 2715 lege
995 2653 1259 2699 fundorum
1296 2657 1458 2701 sessio-

71 2739 258 2783 nalium
284 2735 655 2798 ademptionem
679 2732 772 2778 nisi
800 2733 850 2778 in
877 2734 1061 2780 cas-ibus
1086 2735 1258 2780 eadem
1291 2737 1458 2783 defixis

78 2817 344 2882 indulgeat.
