<?xml version="1.0" encoding="UTF-8"?>
<!DOCTYPE html PUBLIC "-//W3C//DTD XHTML 1.0 Transitional//EN"
    "http://www.w3.org/TR/xhtml1/DTD/xhtml1-transitional.dtd">
<html xmlns="http://www.w3.org/1999/xhtml" xml:lang="en" lang="en">
 <head>
  <title>
</title>
<meta http-equiv="Content-Type" content="text/html;charset=utf-8" />
  <meta name='ocr-system' content='tesseract 3.04.00' />
  <meta name='ocr-capabilities' content='ocr_page ocr_carea ocr_par ocr_line ocrx_word'/>
</head>
<body>
  <div class='ocr_page' id='page_1' title='image "./constitutioreiur02paul_0216.png"; bbox 0 0 1669 3189; ppageno 0'>
   <div class='ocr_carea' id='block_1_1' title="bbox 694 172 1036 222">
    <p class='ocr_par' dir='ltr' id='par_1_1' title="bbox 694 172 1036 222">
     <span class='ocr_line' id='line_1_1' title="bbox 694 172 1036 222; baseline 0.003 -17"><span class='ocrx_word' id='word_1_1' title='bbox 694 193 764 206; x_wconf 51' lang='grc' dir='ltr'>..ω</span> <span class='ocrx_word' id='word_1_2' title='bbox 821 172 907 222; x_wconf 65' lang='lat'>546</span> <span class='ocrx_word' id='word_1_3' title='bbox 965 193 1036 206; x_wconf 57' lang='lat'>„0-</span> 
     </span>
    </p>
   </div>
   <div class='ocr_carea' id='block_1_2' title="bbox 172 278 1569 1142">
    <p class='ocr_par' dir='ltr' id='par_1_2' title="bbox 175 278 1566 580">
     <span class='ocr_line' id='line_1_2' title="bbox 307 278 1566 341; baseline -0.006 -10"><span class='ocrx_word' id='word_1_4' title='bbox 307 295 350 334; x_wconf 74' lang='lat'>2.</span> <span class='ocrx_word' id='word_1_5' title='bbox 387 282 689 330; x_wconf 70' lang='lat' dir='ltr'>substratum</span> <span class='ocrx_word' id='word_1_6' title='bbox 734 278 1073 324; x_wconf 72' lang='lat' dir='ltr'>transactionis</span> <span class='ocrx_word' id='word_1_7' title='bbox 1116 296 1365 341; x_wconf 75' lang='lat' dir='ltr'>nunquam</span> <span class='ocrx_word' id='word_1_8' title='bbox 1407 280 1460 324; x_wconf 89' lang='lat' dir='ltr'>in</span> <span class='ocrx_word' id='word_1_9' title='bbox 1493 285 1566 324; x_wconf 58' lang='grc' dir='ltr'>ἰὰ·-</span> 
     </span>
     <span class='ocr_line' id='line_1_3' title="bbox 178 359 1564 422; baseline -0.005 -11"><span class='ocrx_word' id='word_1_10' title='bbox 178 366 250 411; x_wconf 85' lang='lat' dir='ltr'>les</span> <span class='ocrx_word' id='word_1_11' title='bbox 291 361 609 409; x_wconf 82' lang='lat' dir='ltr'>resolutiones</span> <span class='ocrx_word' id='word_1_12' title='bbox 639 359 824 422; x_wconf 80' lang='lat' dir='ltr'>regias,</span> <span class='ocrx_word' id='word_1_13' title='bbox 859 375 978 421; x_wconf 87' lang='lat' dir='ltr'>quae</span> <span class='ocrx_word' id='word_1_14' title='bbox 1010 375 1146 403; x_wconf 87' lang='lat' dir='ltr'>secus</span> <span class='ocrx_word' id='word_1_15' title='bbox 1172 375 1395 404; x_wconf 81' lang='lat' dir='ltr'>normam</span> <span class='ocrx_word' id='word_1_16' title='bbox 1423 374 1564 422; x_wconf 84' lang='lat' dir='ltr'>gene-</span> 
     </span>
     <span class='ocr_line' id='line_1_4' title="bbox 175 437 1563 503; baseline -0.006 -13"><span class='ocrx_word' id='word_1_17' title='bbox 175 446 319 490; x_wconf 69' lang='lat' dir='ltr'>ratim</span> <span class='ocrx_word' id='word_1_18' title='bbox 358 438 727 503; x_wconf 84' lang='lat' dir='ltr'>praescribunt,</span> <span class='ocrx_word' id='word_1_19' title='bbox 775 444 824 483; x_wconf 86' lang='lat' dir='ltr'>et</span> <span class='ocrx_word' id='word_1_20' title='bbox 844 454 937 501; x_wconf 88' lang='lat' dir='ltr'>pro</span> <span class='ocrx_word' id='word_1_21' title='bbox 966 437 1130 484; x_wconf 83' lang='lat' dir='ltr'>stricta</span> <span class='ocrx_word' id='word_1_22' title='bbox 1154 438 1457 484; x_wconf 77' lang='lat' dir='ltr'>observantia</span> <span class='ocrx_word' id='word_1_23' title='bbox 1486 438 1563 483; x_wconf 89' lang='lat' dir='ltr'>de·</span> 
     </span>
     <span class='ocr_line' id='line_1_5' title="bbox 176 516 1474 580; baseline -0.006 -12"><span class='ocrx_word' id='word_1_24' title='bbox 176 522 418 575; x_wconf 84' lang='lat' dir='ltr'>serviunt,</span> <span class='ocrx_word' id='word_1_25' title='bbox 453 518 729 580; x_wconf 81' lang='lat' dir='ltr'>impingere</span> <span class='ocrx_word' id='word_1_26' title='bbox 759 525 805 562; x_wconf 83' lang='lat' dir='ltr'>et</span> <span class='ocrx_word' id='word_1_27' title='bbox 829 516 1003 562; x_wconf 81' lang='lat' dir='ltr'>iisdem</span> <span class='ocrx_word' id='word_1_28' title='bbox 1033 518 1278 563; x_wconf 81' lang='lat' dir='ltr'>adversari</span> <span class='ocrx_word' id='word_1_29' title='bbox 1305 524 1474 579; x_wconf 84' lang='lat' dir='ltr'>potest.</span> 
     </span>
    </p>

    <p class='ocr_par' dir='ltr' id='par_1_3' title="bbox 173 594 1569 897">
     <span class='ocr_line' id='line_1_6' title="bbox 308 594 1566 653; baseline -0.004 -10"><span class='ocrx_word' id='word_1_30' title='bbox 308 612 352 648; x_wconf 83' lang='grc'>5.</span> <span class='ocrx_word' id='word_1_31' title='bbox 392 597 561 643; x_wconf 89' lang='lat' dir='ltr'>Omnis</span> <span class='ocrx_word' id='word_1_32' title='bbox 603 598 788 642; x_wconf 83' lang='lat' dir='ltr'>coactio</span> <span class='ocrx_word' id='word_1_33' title='bbox 837 597 986 653; x_wconf 81' lang='lat' dir='ltr'>absit,</span> <span class='ocrx_word' id='word_1_34' title='bbox 1036 613 1146 640; x_wconf 84' lang='lat' dir='ltr'>cum</span> <span class='ocrx_word' id='word_1_35' title='bbox 1192 595 1245 639; x_wconf 90' lang='lat' dir='ltr'>in</span> <span class='ocrx_word' id='word_1_36' title='bbox 1288 594 1566 641; x_wconf 77' lang='lat' dir='ltr'>transactio-</span> 
     </span>
     <span class='ocr_line' id='line_1_7' title="bbox 175 676 1569 741; baseline -0.008 -13"><span class='ocrx_word' id='word_1_37' title='bbox 175 700 293 728; x_wconf 86' lang='lat' dir='ltr'>nem</span> <span class='ocrx_word' id='word_1_38' title='bbox 335 680 421 725; x_wconf 75' lang='lat' dir='ltr'>tali</span> <span class='ocrx_word' id='word_1_39' title='bbox 465 685 607 741; x_wconf 79' lang='lat' dir='ltr'>pacto</span> <span class='ocrx_word' id='word_1_40' title='bbox 639 678 933 722; x_wconf 82' lang='lat' dir='ltr'>firmandam</span> <span class='ocrx_word' id='word_1_41' title='bbox 966 676 1123 722; x_wconf 81' lang='lat' dir='ltr'>libera</span> <span class='ocrx_word' id='word_1_42' title='bbox 1163 682 1432 737; x_wconf 84' lang='lat' dir='ltr'>mutuaque</span> <span class='ocrx_word' id='word_1_43' title='bbox 1460 687 1569 736; x_wconf 78' lang='lat' dir='ltr'>par-</span> 
     </span>
     <span class='ocr_line' id='line_1_8' title="bbox 173 758 1566 822; baseline -0.006 -15"><span class='ocrx_word' id='word_1_44' title='bbox 173 764 298 807; x_wconf 85' lang='lat' dir='ltr'>tium</span> <span class='ocrx_word' id='word_1_45' title='bbox 333 758 709 822; x_wconf 76' lang='lat' dir='ltr'>transigentimn</span> <span class='ocrx_word' id='word_1_46' title='bbox 757 759 1000 814; x_wconf 82' lang='lat' dir='ltr'>voluntas,</span> <span class='ocrx_word' id='word_1_47' title='bbox 1059 766 1106 802; x_wconf 77' lang='lat' dir='ltr'>et·</span> <span class='ocrx_word' id='word_1_48' title='bbox 1139 763 1430 820; x_wconf 80' lang='lat' dir='ltr'>spontaneus</span> <span class='ocrx_word' id='word_1_49' title='bbox 1459 771 1566 800; x_wconf 89' lang='lat' dir='ltr'>con-</span> 
     </span>
     <span class='ocr_line' id='line_1_9' title="bbox 175 836 663 897; baseline -0.014 -11"><span class='ocrx_word' id='word_1_50' title='bbox 175 856 338 887; x_wconf 82' lang='lat' dir='ltr'><strong>sensus</strong></span> <span class='ocrx_word' id='word_1_51' title='bbox 369 836 663 897; x_wconf 76' lang='lat' dir='ltr'><strong>requiratur.</strong></span> 
     </span>
    </p>

    <p class='ocr_par' dir='ltr' id='par_1_4' title="bbox 172 915 1566 1142">
     <span class='ocr_line' id='line_1_10' title="bbox 303 915 1566 974; baseline -0.002 -12"><span class='ocrx_word' id='word_1_52' title='bbox 303 927 348 972; x_wconf 66' lang='lat'>4.</span> <span class='ocrx_word' id='word_1_53' title='bbox 371 919 520 961; x_wconf 81' lang='lat' dir='ltr'>Prout</span> <span class='ocrx_word' id='word_1_54' title='bbox 544 930 708 958; x_wconf 90' lang='lat' dir='ltr'>omnes</span> <span class='ocrx_word' id='word_1_55' title='bbox 736 922 1007 960; x_wconf 82' lang='lat' dir='ltr'>contractus</span> <span class='ocrx_word' id='word_1_56' title='bbox 1031 918 1318 974; x_wconf 57' lang='lat' dir='ltr'>urbariales»,</span> <span class='ocrx_word' id='word_1_57' title='bbox 1344 915 1566 962; x_wconf 79' lang='lat' dir='ltr'>urbaria-</span> 
     </span>
     <span class='ocr_line' id='line_1_11' title="bbox 172 992 1562 1060; baseline -0.003 -17"><span class='ocrx_word' id='word_1_58' title='bbox 172 1000 209 1046; x_wconf 87' lang='lat' dir='ltr'>li</span> <span class='ocrx_word' id='word_1_59' title='bbox 274 994 579 1060; x_wconf 82' lang='lat' dir='ltr'>praescripto</span> <span class='ocrx_word' id='word_1_60' title='bbox 626 992 836 1037; x_wconf 86' lang='lat' dir='ltr'>leniores</span> <span class='ocrx_word' id='word_1_61' title='bbox 886 1010 986 1039; x_wconf 84' lang='lat' dir='ltr'>esse</span> <span class='ocrx_word' id='word_1_62' title='bbox 1031 997 1236 1054; x_wconf 82' lang='lat' dir='ltr'>debent,</span> <span class='ocrx_word' id='word_1_63' title='bbox 1284 998 1351 1042; x_wconf 81' lang='lat' dir='ltr'>ita</span> <span class='ocrx_word' id='word_1_64' title='bbox 1396 1010 1562 1041; x_wconf 79' lang='lat' dir='ltr'>omnes</span> 
     </span>
     <span class='ocr_line' id='line_1_12' title="bbox 175 1073 1566 1142; baseline -0.004 -18"><span class='ocrx_word' id='word_1_65' title='bbox 175 1093 368 1142; x_wconf 80' lang='lat' dir='ltr'>quoque</span> <span class='ocrx_word' id='word_1_66' title='bbox 402 1073 749 1120; x_wconf 73' lang='lat' dir='ltr'>transactiones</span> <span class='ocrx_word' id='word_1_67' title='bbox 783 1073 834 1118; x_wconf 87' lang='lat' dir='ltr'>in</span> <span class='ocrx_word' id='word_1_68' title='bbox 875 1073 1087 1120; x_wconf 85' lang='lat' dir='ltr'>formam</span> <span class='ocrx_word' id='word_1_69' title='bbox 1134 1078 1346 1123; x_wconf 83' lang='lat' dir='ltr'>consveti</span> <span class='ocrx_word' id='word_1_70' title='bbox 1390 1079 1566 1123; x_wconf 87' lang='lat' dir='ltr'>instru-</span> 
     </span>
    </p>
   </div>
   <div class='ocr_carea' id='block_1_3' title="bbox 169 1147 1662 1216">
    <p class='ocr_par' dir='ltr' id='par_1_5' title="bbox 169 1147 1662 1216">
     <span class='ocr_line' id='line_1_13' title="bbox 169 1147 1662 1216; baseline -0.002 -13"><span class='ocrx_word' id='word_1_71' title='bbox 169 1159 323 1204; x_wconf 81' lang='lat' dir='ltr'>menti</span> <span class='ocrx_word' id='word_1_72' title='bbox 341 1191 354 1213; x_wconf 66' lang='lat'><em>9</em></span> <span class='ocrx_word' id='word_1_73' title='bbox 412 1154 544 1216; x_wconf 88' lang='lat' dir='ltr'>quod</span> <span class='ocrx_word' id='word_1_74' title='bbox 565 1169 648 1197; x_wconf 88' lang='lat' dir='ltr'>suo</span> <span class='ocrx_word' id='word_1_75' title='bbox 676 1154 822 1198; x_wconf 87' lang='lat' dir='ltr'>modo</span> <span class='ocrx_word' id='word_1_76' title='bbox 848 1155 1021 1200; x_wconf 87' lang='lat' dir='ltr'>confici</span> <span class='ocrx_word' id='word_1_77' title='bbox 1059 1164 1106 1201; x_wconf 86' lang='lat' dir='ltr'>et</span> <span class='ocrx_word' id='word_1_78' title='bbox 1129 1157 1368 1203; x_wconf 82' lang='lat' dir='ltr'>subscribi</span> <span class='ocrx_word' id='word_1_79' title='bbox 1402 1157 1566 1212; x_wconf 80' lang='lat' dir='ltr'>debet,</span> <span class='ocrx_word' id='word_1_80' title='bbox 1626 1193 1631 1197; x_wconf 85' lang='lat'>.</span> <span class='ocrx_word' id='word_1_81' title='bbox 1660 1147 1662 1150; x_wconf 17' lang='lat' dir='ltr'>V</span> 
     </span>
    </p>
   </div>
   <div class='ocr_carea' id='block_1_4' title="bbox 171 1233 1567 2337">
    <p class='ocr_par' dir='ltr' id='par_1_6' title="bbox 171 1233 1567 1523">
     <span class='ocr_line' id='line_1_14' title="bbox 173 1233 1565 1299; baseline 0 -18"><span class='ocrx_word' id='word_1_82' title='bbox 173 1237 498 1299; x_wconf 77' lang='lat' dir='ltr'>redigendae,</span> <span class='ocrx_word' id='word_1_83' title='bbox 545 1233 618 1278; x_wconf 89' lang='lat' dir='ltr'>illi</span> <span class='ocrx_word' id='word_1_84' title='bbox 655 1233 900 1296; x_wconf 83' lang='lat' dir='ltr'>principio</span> <span class='ocrx_word' id='word_1_85' title='bbox 934 1234 1213 1281; x_wconf 84' lang='lat' dir='ltr'>conformes</span> <span class='ocrx_word' id='word_1_86' title='bbox 1246 1236 1366 1293; x_wconf 81' lang='lat' dir='ltr'>sint,</span> <span class='ocrx_word' id='word_1_87' title='bbox 1423 1252 1487 1281; x_wconf 91' lang='lat' dir='ltr'>ne</span> <span class='ocrx_word' id='word_1_88' title='bbox 1510 1235 1565 1281; x_wconf 89' lang='lat' dir='ltr'>li-</span> 
     </span>
     <span class='ocr_line' id='line_1_15' title="bbox 172 1316 1567 1380; baseline -0.001 -18"><span class='ocrx_word' id='word_1_89' title='bbox 172 1318 314 1362; x_wconf 81' lang='lat' dir='ltr'>mites</span> <span class='ocrx_word' id='word_1_90' title='bbox 351 1325 398 1361; x_wconf 90' lang='lat' dir='ltr'>et</span> <span class='ocrx_word' id='word_1_91' title='bbox 441 1332 723 1360; x_wconf 86' lang='lat' dir='ltr'>mensuram</span> <span class='ocrx_word' id='word_1_92' title='bbox 763 1316 950 1360; x_wconf 83' lang='lat' dir='ltr'>urharii</span> <span class='ocrx_word' id='word_1_93' title='bbox 994 1334 1189 1380; x_wconf 84' lang='lat' dir='ltr'>quoquo</span> <span class='ocrx_word' id='word_1_94' title='bbox 1236 1319 1385 1364; x_wconf 82' lang='lat' dir='ltr'>modo</span> <span class='ocrx_word' id='word_1_95' title='bbox 1433 1333 1567 1363; x_wconf 84' lang='lat' dir='ltr'>exce-</span> 
     </span>
     <span class='ocr_line' id='line_1_16' title="bbox 175 1396 1564 1458; baseline -0.001 -15"><span class='ocrx_word' id='word_1_96' title='bbox 175 1401 351 1454; x_wconf 82' lang='lat' dir='ltr'>dant‚·</span> <span class='ocrx_word' id='word_1_97' title='bbox 390 1396 626 1443; x_wconf 84' lang='lat' dir='ltr'>urbariali</span> <span class='ocrx_word' id='word_1_98' title='bbox 677 1396 981 1458; x_wconf 82' lang='lat' dir='ltr'>regulatione</span> <span class='ocrx_word' id='word_1_99' title='bbox 1039 1398 1093 1443; x_wconf 87' lang='lat' dir='ltr'>in</span> <span class='ocrx_word' id='word_1_100' title='bbox 1153 1416 1351 1446; x_wconf 87' lang='lat' dir='ltr'>omnem</span> <span class='ocrx_word' id='word_1_101' title='bbox 1401 1413 1564 1442; x_wconf 87' lang='lat' dir='ltr'>casum</span> 
     </span>
     <span class='ocr_line' id='line_1_17' title="bbox 171 1477 396 1523; baseline -0.009 -1"><span class='ocrx_word' id='word_1_102' title='bbox 171 1477 396 1523; x_wconf 84' lang='lat' dir='ltr'>leniores.</span> 
     </span>
    </p>

    <p class='ocr_par' dir='ltr' id='par_1_7' title="bbox 172 1553 1567 1998">
     <span class='ocr_line' id='line_1_18' title="bbox 303 1553 1564 1618; baseline 0 -17"><span class='ocrx_word' id='word_1_103' title='bbox 303 1568 345 1603; x_wconf 85' lang='lat'>5.</span> <span class='ocrx_word' id='word_1_104' title='bbox 382 1553 805 1599; x_wconf 81' lang='lat' dir='ltr'>Transactionalia</span> <span class='ocrx_word' id='word_1_105' title='bbox 830 1555 1160 1600; x_wconf 82' lang='lat' dir='ltr'>instrumenta</span> <span class='ocrx_word' id='word_1_106' title='bbox 1182 1588 1195 1612; x_wconf 79' lang='grc'><em>,</em></span> <span class='ocrx_word' id='word_1_107' title='bbox 1249 1557 1301 1601; x_wconf 88' lang='lat' dir='ltr'>in</span> <span class='ocrx_word' id='word_1_108' title='bbox 1328 1564 1564 1618; x_wconf 80' lang='lat' dir='ltr'>quantum</span> 
     </span>
     <span class='ocr_line' id='line_1_19' title="bbox 172 1635 1566 1690; baseline 0.001 -10"><span class='ocrx_word' id='word_1_109' title='bbox 172 1635 475 1681; x_wconf 82' lang='lat' dir='ltr'>urbarialem</span> <span class='ocrx_word' id='word_1_110' title='bbox 507 1649 726 1690; x_wconf 81' lang='lat' dir='ltr'>causam,</span> <span class='ocrx_word' id='word_1_111' title='bbox 773 1641 853 1677; x_wconf 81' lang='lat' dir='ltr'>aut</span> <span class='ocrx_word' id='word_1_112' title='bbox 886 1635 1179 1679; x_wconf 74' lang='lat' dir='ltr'>substratum</span> <span class='ocrx_word' id='word_1_113' title='bbox 1205 1636 1261 1680; x_wconf 84' lang='lat' dir='ltr'>de</span> <span class='ocrx_word' id='word_1_114' title='bbox 1285 1636 1449 1682; x_wconf 82' lang='lat' dir='ltr'>indole</span> <span class='ocrx_word' id='word_1_115' title='bbox 1480 1653 1566 1682; x_wconf 80' lang='lat' dir='ltr'>sua</span> 
     </span>
     <span class='ocr_line' id='line_1_20' title="bbox 176 1699 1567 1760; baseline -0.001 0"><span class='ocrx_word' id='word_1_116' title='bbox 176 1732 310 1760; x_wconf 89' lang='lat' dir='ltr'>secus</span> <span class='ocrx_word' id='word_1_117' title='bbox 348 1712 581 1758; x_wconf 83' lang='lat' dir='ltr'>revisioni</span> <span class='ocrx_word' id='word_1_118' title='bbox 620 1714 920 1757; x_wconf 86' lang='lat' dir='ltr'>excelsorum</span> <span class='ocrx_word' id='word_1_119' title='bbox 960 1714 1327 1759; x_wconf 83' lang='lat' dir='ltr'>dicasteriorum</span> <span class='ocrx_word' id='word_1_120' title='bbox 1358 1699 1567 1760; x_wconf 84' lang='lat' dir='ltr'>subster-</span> 
     </span>
     <span class='ocr_line' id='line_1_21' title="bbox 174 1791 1562 1856; baseline 0.001 -18"><span class='ocrx_word' id='word_1_121' title='bbox 174 1793 395 1839; x_wconf 87' lang='lat' dir='ltr'>nendum</span> <span class='ocrx_word' id='word_1_122' title='bbox 423 1791 722 1852; x_wconf 81' lang='lat' dir='ltr'>respiciunt,</span> <span class='ocrx_word' id='word_1_123' title='bbox 759 1807 953 1852; x_wconf 86' lang='lat' dir='ltr'>semper</span> <span class='ocrx_word' id='word_1_124' title='bbox 976 1808 1090 1836; x_wconf 88' lang='lat' dir='ltr'>eum</span> <span class='ocrx_word' id='word_1_125' title='bbox 1115 1793 1344 1839; x_wconf 86' lang='lat' dir='ltr'>omnihus</span> <span class='ocrx_word' id='word_1_126' title='bbox 1375 1811 1434 1840; x_wconf 90' lang='lat' dir='ltr'>eo</span> <span class='ocrx_word' id='word_1_127' title='bbox 1458 1811 1562 1856; x_wconf 86' lang='lat' dir='ltr'>spe-</span> 
     </span>
     <span class='ocr_line' id='line_1_22' title="bbox 174 1870 1562 1928; baseline 0.002 -12"><span class='ocrx_word' id='word_1_128' title='bbox 174 1872 414 1917; x_wconf 86' lang='lat' dir='ltr'>ctantibus</span> <span class='ocrx_word' id='word_1_129' title='bbox 471 1871 583 1914; x_wconf 85' lang='lat' dir='ltr'>actis</span> <span class='ocrx_word' id='word_1_130' title='bbox 616 1871 711 1914; x_wconf 85' lang='lat' dir='ltr'>fine</span> <span class='ocrx_word' id='word_1_131' title='bbox 747 1870 1116 1928; x_wconf 82' lang='lat' dir='ltr'>ratificationis‚</span> <span class='ocrx_word' id='word_1_132' title='bbox 1155 1873 1404 1919; x_wconf 71' lang='lat' dir='ltr'>altioribus</span> <span class='ocrx_word' id='word_1_133' title='bbox 1442 1872 1562 1919; x_wconf 84' lang='lat' dir='ltr'>locis</span> 
     </span>
     <span class='ocr_line' id='line_1_23' title="bbox 175 1950 659 1998; baseline -0.006 0"><span class='ocrx_word' id='word_1_134' title='bbox 175 1950 502 1998; x_wconf 84' lang='lat' dir='ltr'>submittenda</span> <span class='ocrx_word' id='word_1_135' title='bbox 535 1957 659 1995; x_wconf 85' lang='lat' dir='ltr'>sunt.</span> 
     </span>
    </p>

    <p class='ocr_par' dir='ltr' id='par_1_8' title="bbox 173 2031 1565 2337">
     <span class='ocr_line' id='line_1_24' title="bbox 305 2031 1564 2092; baseline 0 -15"><span class='ocrx_word' id='word_1_136' title='bbox 305 2036 347 2079; x_wconf 85' lang='grc' dir='ltr'>Ο.</span> <span class='ocrx_word' id='word_1_137' title='bbox 384 2031 699 2076; x_wconf 82' lang='lat' dir='ltr'>Instrumenti</span> <span class='ocrx_word' id='word_1_138' title='bbox 753 2032 1050 2092; x_wconf 75' lang='lat' dir='ltr'>approbatae</span> <span class='ocrx_word' id='word_1_139' title='bbox 1098 2033 1432 2079; x_wconf 70' lang='lat' dir='ltr'>transactionis</span> <span class='ocrx_word' id='word_1_140' title='bbox 1479 2049 1564 2079; x_wconf 86' lang='lat' dir='ltr'>suo</span> 
     </span>
     <span class='ocr_line' id='line_1_25' title="bbox 173 2108 1565 2176; baseline 0.002 -21"><span class='ocrx_word' id='word_1_141' title='bbox 173 2112 322 2156; x_wconf 88' lang='lat' dir='ltr'>modo</span> <span class='ocrx_word' id='word_1_142' title='bbox 365 2117 413 2154; x_wconf 88' lang='lat' dir='ltr'>et</span> <span class='ocrx_word' id='word_1_143' title='bbox 453 2108 617 2155; x_wconf 78' lang='lat' dir='ltr'>forma</span> <span class='ocrx_word' id='word_1_144' title='bbox 651 2110 867 2172; x_wconf 84' lang='lat' dir='ltr'>expediti</span> <span class='ocrx_word' id='word_1_145' title='bbox 896 2129 1049 2156; x_wconf 87' lang='lat' dir='ltr'>unum</span> <span class='ocrx_word' id='word_1_146' title='bbox 1086 2114 1344 2174; x_wconf 84' lang='lat' dir='ltr'>exemplar.</span> <span class='ocrx_word' id='word_1_147' title='bbox 1368 2131 1459 2176; x_wconf 85' lang='lat' dir='ltr'>pro</span> <span class='ocrx_word' id='word_1_148' title='bbox 1497 2113 1565 2158; x_wconf 89' lang='lat' dir='ltr'>di-</span> 
     </span>
     <span class='ocr_line' id='line_1_26' title="bbox 173 2191 1563 2255; baseline 0.001 -20"><span class='ocrx_word' id='word_1_149' title='bbox 173 2192 426 2247; x_wconf 79' lang='lat' dir='ltr'>rectione,</span> <span class='ocrx_word' id='word_1_150' title='bbox 490 2197 538 2234; x_wconf 82' lang='lat' dir='ltr'>et</span> <span class='ocrx_word' id='word_1_151' title='bbox 584 2191 888 2236; x_wconf 85' lang='lat' dir='ltr'>observantia</span> <span class='ocrx_word' id='word_1_152' title='bbox 945 2192 1328 2239; x_wconf 73' lang='lat' dir='ltr'>subserviturum</span> <span class='ocrx_word' id='word_1_153' title='bbox 1369 2209 1563 2255; x_wconf 83' lang='lat' dir='ltr'>semper</span> 
     </span>
     <span class='ocr_line' id='line_1_27' title="bbox 175 2269 1511 2337; baseline 0.002 -22"><span class='ocrx_word' id='word_1_154' title='bbox 175 2269 543 2328; x_wconf 76' lang='lat' dir='ltr'>communitati,</span> <span class='ocrx_word' id='word_1_155' title='bbox 581 2270 716 2315; x_wconf 85' lang='lat' dir='ltr'>cuius</span> <span class='ocrx_word' id='word_1_156' title='bbox 742 2272 976 2329; x_wconf 77' lang='lat' dir='ltr'>interest,</span> <span class='ocrx_word' id='word_1_157' title='bbox 1012 2274 1400 2337; x_wconf 81' lang='lat' dir='ltr'>consignandum</span> <span class='ocrx_word' id='word_1_158' title='bbox 1425 2279 1511 2319; x_wconf 79' lang='lat' dir='ltr'>est.</span> 
     </span>
    </p>
   </div>
   <div class='ocr_carea' id='block_1_5' title="bbox 785 2400 1002 2437">
    <p class='ocr_par' dir='ltr' id='par_1_9' title="bbox 785 2400 1002 2437">
     <span class='ocr_line' id='line_1_28' title="bbox 785 2400 1002 2437; baseline 0.009 -3"><span class='ocrx_word' id='word_1_159' title='bbox 785 2400 906 2437; x_wconf 71' lang='grc' dir='ltr'>ΛΒΤ.</span> <span class='ocrx_word' id='word_1_160' title='bbox 952 2400 1002 2436; x_wconf 85' lang='grc' dir='ltr'>Χ.</span> 
     </span>
    </p>
   </div>
   <div class='ocr_carea' id='block_1_6' title="bbox 182 2487 1568 2621">
    <p class='ocr_par' dir='ltr' id='par_1_10' title="bbox 182 2487 1568 2621">
     <span class='ocr_line' id='line_1_29' title="bbox 182 2487 1568 2556; baseline 0.004 -21"><span class='ocrx_word' id='word_1_161' title='bbox 182 2495 263 2536; x_wconf 85' lang='lat' dir='ltr'>De</span> <span class='ocrx_word' id='word_1_162' title='bbox 291 2495 544 2555; x_wconf 70' lang='lat' dir='ltr'>benignis</span> <span class='ocrx_word' id='word_1_163' title='bbox 572 2487 635 2539; x_wconf 63' lang='lat' dir='ltr'>in⁸</span> <span class='ocrx_word' id='word_1_164' title='bbox 659 2510 717 2539; x_wconf 82' lang='lat' dir='ltr'>re</span> <span class='ocrx_word' id='word_1_165' title='bbox 750 2497 1029 2540; x_wconf 75' lang='lat' dir='ltr'>urbariali</span> <span class='ocrx_word' id='word_1_166' title='bbox 1054 2500 1322 2543; x_wconf 77' lang='lat' dir='ltr'>emanatis</span> <span class='ocrx_word' id='word_1_167' title='bbox 1350 2497 1568 2556; x_wconf 83' lang='lat' dir='ltr'>disposi-</span> 
     </span>
     <span class='ocr_line' id='line_1_30' title="bbox 308 2562 1418 2621; baseline 0.004 -18"><span class='ocrx_word' id='word_1_168' title='bbox 308 2562 547 2605; x_wconf 78' lang='lat' dir='ltr'>tionibus</span> <span class='ocrx_word' id='word_1_169' title='bbox 573 2563 746 2621; x_wconf 71' lang='lat' dir='ltr'>regiz&#39;s</span> <span class='ocrx_word' id='word_1_170' title='bbox 769 2568 1025 2605; x_wconf 77' lang='lat' dir='ltr'>accurate</span> <span class='ocrx_word' id='word_1_171' title='bbox 1051 2564 1418 2610; x_wconf 76' lang='lat' dir='ltr'>observandis.</span> 
     </span>
    </p>
   </div>
   <div class='ocr_carea' id='block_1_7' title="bbox 305 2669 1658 2736">
    <p class='ocr_par' dir='ltr' id='par_1_11' title="bbox 305 2669 1658 2736">
     <span class='ocr_line' id='line_1_31' title="bbox 305 2669 1658 2736; baseline -0.001 -19"><span class='ocrx_word' id='word_1_172' title='bbox 305 2669 524 2732; x_wconf 78' lang='lat' dir='ltr'>Benigno</span> <span class='ocrx_word' id='word_1_173' title='bbox 549 2673 749 2718; x_wconf 86' lang='lat' dir='ltr'>urhario</span> <span class='ocrx_word' id='word_1_174' title='bbox 785 2673 1057 2734; x_wconf 86' lang='lat' dir='ltr'>provisorie</span> <span class='ocrx_word' id='word_1_175' title='bbox 1090 2675 1142 2719; x_wconf 90' lang='lat' dir='ltr'>in</span> <span class='ocrx_word' id='word_1_176' title='bbox 1173 2677 1358 2721; x_wconf 83' lang='lat' dir='ltr'>tabulas</span> <span class='ocrx_word' id='word_1_177' title='bbox 1396 2675 1564 2736; x_wconf 85' lang='lat' dir='ltr'>legum</span> <span class='ocrx_word' id='word_1_178' title='bbox 1594 2703 1597 2705; x_wconf 97' lang='lat'>-</span> <span class='ocrx_word' id='word_1_179' title='bbox 1657 2669 1658 2694; x_wconf 71' lang='lat'><em>³</em></span> 
     </span>
    </p>
   </div>
   <div class='ocr_carea' id='block_1_8' title="bbox 178 2748 1562 2815">
    <p class='ocr_par' dir='ltr' id='par_1_12' title="bbox 178 2748 1562 2815">
     <span class='ocr_line' id='line_1_32' title="bbox 178 2748 1562 2815; baseline 0.007 -23"><span class='ocrx_word' id='word_1_180' title='bbox 178 2748 360 2803; x_wconf 69' lang='lat' dir='ltr'>relato,</span> <span class='ocrx_word' id='word_1_181' title='bbox 418 2764 642 2796; x_wconf 79' lang='lat' dir='ltr'>normam</span> <span class='ocrx_word' id='word_1_182' title='bbox 687 2752 993 2799; x_wconf 73' lang='lat' dir='ltr'>tractamenti</span> <span class='ocrx_word' id='word_1_183' title='bbox 1036 2754 1302 2801; x_wconf 80' lang='lat' dir='ltr'>subditelae</span> <span class='ocrx_word' id='word_1_184' title='bbox 1335 2760 1562 2815; x_wconf 75' lang='lat' dir='ltr'>respectu</span> 
     </span>
    </p>
   </div>
   <div class='ocr_carea' id='block_1_9' title="bbox 1639 0 1669 3189">
    <p class='ocr_par' dir='ltr' id='par_1_13' title="bbox 1639 0 1669 3189">
     <span class='ocr_line' id='line_1_33' title="bbox 1639 0 1669 3189; baseline 0 0"><span class='ocrx_word' id='word_1_185' title='bbox 1639 0 1669 3189; x_wconf 95' lang='lat' dir='ltr'> </span> 
     </span>
    </p>
   </div>
  </div>
 </body>
</html>
