1669 3189
725 203 796 215 ....
854 180 943 229 430,
995 202 1066 215 ...-

192 309 329 348 rum,
377 291 609 351 subseque
653 300 843 346 semper
878 284 1268 349 investigabunt,
1316 297 1363 335 et
1395 290 1572 336 relato-

190 375 274 420 riis
309 374 538 418 inserent.

321 467 362 502 5,
399 446 569 513 Quoad
601 445 705 490 loca
741 444 909 507 sigillis
936 444 1183 502 carentia,
1233 446 1473 493 talismodi
1502 465 1574 494 ca-

190 535 395 582 rentiam
425 532 795 588 recognoscant.

317 616 359 657 0.
406 610 475 653 An
519 605 743 651 examine
800 622 975 650 novem
1024 615 1352 668 punctorum,
1395 610 1575 654 consri-

187 693 351 756 ptione
379 722 392 746 ‚
443 688 671 742 urbano,
720 686 896 730 tabella
927 685 1191 744 urbariali,
1227 687 1574 733 executionali-

187 775 307 828 bus,
344 766 693 831 supplementis
719 798 731 822 ,
769 765 1076 827 generalibus
1126 767 1414 829 prohibitis,
1468 784 1580 814 con·

189 853 449 914 scriptione
493 849 777 901 vinearum,
824 855 871 891 et
903 848 1319 909 extirpaturarum
1356 851 1578 912 provisae

188 938 281 984 sint
309 930 698 981 communitates,
735 926 1013 987 inspicient.

321 1027 366 1062 ἵ,
401 1011 638 1075 Querelae
675 1008 960 1051 colonorum
995 1008 1270 1068 punctatim
1301 1009 1351 1054 in
1383 1008 1580 1055 investi-

188 1094 464 1160 gationibus
504 1090 654 1134 fracto
706 1087 926 1149 margine
975 1087 1035 1131 ad
1086 1088 1332 1143 dextram,
1392 1090 1582 1150 replica

194 1194 309 1223 vero
333 1170 540 1220 dominii
558 1170 617 1212 ad
632 1167 876 1212 sinistram
894 1168 1212 1223 collocentur,
1248 1169 1401 1229 spatio
1436 1185 1585 1214 vacuo

191 1257 250 1301 ad
286 1252 534 1312 singulum
571 1254 804 1309 punctum
848 1263 939 1307 pro
976 1247 1139 1291 deciso
1176 1247 1368 1292 sedriae
1391 1248 1583 1306 relicto,

191 1334 253 1379 ad
289 1331 418 1394 quod
446 1327 660 1373 decisum
697 1325 884 1371 sedriae
911 1326 1297 1373 inscribendum.

289 1423 333 1462 8.
358 1409 627 1455 Relationes
641 1405 1038 1468 investigantium
1063 1407 1124 1449 ad
1153 1407 1330 1451 seriem
1359 1424 1589 1454 numero-

193 1510 306 1540 rum
342 1491 655 1544 reducantur,
691 1486 1158 1548 provocationesque
1191 1487 1249 1541 ad
1276 1487 1361 1531 hos
1387 1489 1520 1534 fiant.

321 1585 367 1629 9.
394 1569 552 1616 Series
580 1569 803 1612 locorum
837 1567 982 1610 totius
1002 1566 1256 1612 comitatus
1286 1567 1589 1620 adnectatur,

321 1652 452 1695 Anno
489 1652 625 1694 1774.
657 1657 699 1701 9.
736 1644 840 1704 juni
878 1644 1152 1690 interventa
1187 1663 1291 1691 nro,
1330 1651 1474 1695 2622.
1515 1664 1589 1692 re-

197 1730 370 1778 solutio
406 1727 542 1789 regia
575 1724 878 1770 circulariter
924 1726 1201 1786 publicata,
1247 1743 1366 1787 quae
1401 1728 1589 1788 pariter

194 1810 445 1858 occasione
479 1823 752 1851 annuarum
786 1804 1110 1849 urharialium
1149 1805 1590 1869 investigationum

192 1893 247 1939 in
272 1893 493 1938 effectum
529 1887 707 1932 summi
749 1885 960 1941 debent,
994 1892 1046 1929 ut
1073 1892 1201 1946 pote.

334 1987 374 2016 1.
423 1971 491 2012 An
532 1966 660 2010 tauri
694 1965 889 2027 magni,
935 1971 980 2009 et
1011 1965 1109 2027 apti
1142 1966 1321 2009 dentur
1343 1963 1368 2009 ἶ)

324 2063 368 2098 2.
415 2051 484 2094 An
522 2047 687 2092 hieme
725 2045 1146 2092 alimentationem
1189 2059 1460 2110 congruam
1504 2046 1586 2090 ha-

194 2131 354 2179 bent‘?

326 2222 368 2257 5.
402 2208 472 2253 An
498 2208 588 2251 hoc
626 2205 721 2249 fine
745 2219 834 2265 pro
876 2202 934 2247 iis
965 2219 1109 2264 penes
1134 2202 1466 2252 habitaculum
1506 2221 1588 2269 pa.

199 2299 383 2337 storum
411 2289 619 2333 idoneus
646 2286 778 2330 locus
807 2285 1057 2345 adaptatus
1093 2282 1170 2328 sit.

335 2376 378 2417 4.
432 2370 498 2413 An
542 2367 686 2429 judex
725 2373 773 2410 et
821 2363 970 2428 jurati
1012 2364 1071 2408 de
1106 2363 1472 2413 alimentatione
1506 2369 1588 2414 ho·

200 2466 308 2494 rum
336 2449 627 2512 provideant
650 2447 674 2492 ‘i’
1543 2431 1548 2434 ¹

330 2541 369 2577 5.
412 2532 478 2575 An
530 2545 622 2591 pro
677 2541 790 2569 casu
849 2523 1203 2568 senescentium
1263 2534 1584 2574 sucrescentes

202 2609 409 2662 dentur,
457 2609 619 2652 audito
662 2605 808 2650 etiam
846 2610 1055 2664 pastore.

329 2693 371 2736 0,
406 2691 468 2734 Ut
501 2702 760 2739 numerus,
809 2689 856 2727 et
893 2689 1019 2727 aetas
1059 2690 1316 2730 taurorum
1354 2694 1585 2732 connote-

199 2777 307 2827 tur,
342 2768 689 2831 investigantes
722 2770 886 2812 autem
915 2781 992 2811 eos
1031 2765 1282 2828 aspiciant.
