1669 3189
590 182 653 193 m..
712 163 796 219 549
855 182 966 228 ...0-

54 285 130 314 sus
159 283 255 312 non
280 265 440 312 debite
468 269 838 331 reprimuntur,
884 269 1218 314 necessitatem
1250 270 1434 329 adesse,

53 356 109 393 ut
134 348 386 409 precarius
405 381 418 404 ,
457 356 536 393 aut
562 351 821 411 perplexus
848 350 981 394 inter
1005 350 1214 395 subditos
1233 383 1247 407 ,
1282 358 1331 394 et
1356 353 1436 396 do-

54 428 210 472 minia
240 430 541 476 terrestralia
573 437 743 485 status,
778 428 1034 490 principiis
1068 429 1437 475 administratio-

50 508 123 552 nis
151 509 376 570 p.ublicae
410 510 684 571 oppositus,
735 509 795 552 ad
820 508 1087 553 rectiorem
1123 510 1347 556 ordinem
1388 518 1438 556 et

53 588 414 633 consistentiam
437 589 726 644 reducatur,
780 586 909 631 hunc
942 601 1058 633 vero
1086 589 1138 633 in
1166 590 1345 646 finem,
1400 591 1439 635 si

50 667 320 712 comissarii
376 668 500 730 regii
555 667 960 722 denominentur,
1018 670 1315 715 executivam
1357 687 1440 731 po-

50 754 298 805 testatem,
349 748 466 793 dum
505 754 643 809 parte
666 747 725 791 ab
756 762 852 792 una
872 748 1211 805 obventiones,
1249 757 1296 795 et
1324 749 1441 811 jura

57 829 323 874 dominalia
350 827 631 890 praedefixo
666 829 864 874 urbario
890 829 1042 874 relate
1073 830 1133 874 ad
1158 845 1442 875 mensuram

51 915 100 951 et
138 907 321 952 limites
359 906 631 952 conformia
665 925 766 953 esse
806 909 934 963 vult,
993 916 1131 970 parte
1170 908 1229 953 ab
1268 911 1440 966 altera,

48 1003 195 1031 omne
228 986 519 1043 arbitrium,
556 987 684 1049 quod
709 989 866 1033 basim
889 987 1112 1034 abusibus
1145 991 1439 1051 suppeditat,

51 1084 315 1129 omnesque
365 1068 637 1113 exactiones
683 1068 811 1112 ultra
853 1067 1212 1130 praescriptum
1250 1067 1440 1112 urbarii

46 1155 266 1194 extensas
299 1164 448 1210 porro
499 1147 735 1192 tollendas
787 1148 1026 1210 disponit,
1080 1148 1234 1193 nobili
1279 1147 1440 1191 officio

48 1245 133 1273 suo
163 1227 465 1273 satisfecisse.

179 1309 378 1353 Summa
406 1308 775 1370 dispositionum
805 1308 1059 1370 regiminis
1075 1307 1274 1353 uberius
1304 1323 1441 1352 mon-

45 1394 168 1431 strat
208 1387 545 1432 necessitatem
603 1396 795 1432 exactae
849 1387 1195 1433 observationis
1244 1402 1437 1443 eorum,

49 1481 172 1528 quae
232 1464 642 1510 constabiliendae
700 1465 1007 1510 subditorum
1065 1466 1336 1511 conditioni
1392 1474 1441 1512 et

47 1546 348 1608 praescripta
378 1551 515 1601 sunt,
561 1551 607 1588 et
646 1545 800 1588 defixo
845 1562 986 1607 scopo
1023 1547 1297 1590 subservire
1333 1564 1440 1592 cen-

47 1632 230 1671 sentur.
297 1626 402 1670 Non
437 1624 631 1682 omnia,
679 1642 799 1688 quae
830 1625 1119 1669 colonorum
1152 1632 1335 1669 sortem
1369 1627 1442 1670 in-

47 1707 275 1762 volvunt,
309 1720 400 1766 per
424 1707 668 1767 integrum
705 1706 889 1767 regulis
911 1705 1118 1761 absolvi,
1169 1722 1271 1750 non
1298 1707 1439 1768 prius

50 1803 179 1831 casus
220 1803 364 1848 quam
401 1786 651 1841 eveniant,
709 1786 934 1848 generice
972 1787 1021 1830 in
1053 1802 1159 1830 rem
1192 1786 1441 1831 exhauriri

47 1872 270 1926 possunt,
328 1865 483 1908 multa
525 1864 745 1926 profecto
785 1864 1043 1921 activitati,
1088 1872 1137 1909 et
1173 1868 1334 1915 studio
1370 1867 1440 1927 ju-

51 1943 207 1990 stitiae
230 1943 566 1988 dominiorum
592 1945 949 1989 terrestralium
977 1944 1322 2006 relinquuntur
1342 1980 1356 2002 ,
1393 1955 1439 1992 et

49 2025 167 2075 dum
206 2023 322 2068 haec
374 2032 567 2084 partem
613 2024 1044 2068 administrationis
1087 2025 1308 2085 publicae
1347 2027 1438 2070 hoc

48 2104 269 2152 instituto
292 2104 528 2162 obtinent,
555 2105 711 2149 officia
734 2104 962 2159 hominis,
999 2104 1313 2150 dominorum
1344 2115 1439 2150 ter-

52 2185 274 2229 testrium
298 2186 365 2230 ita
404 2193 598 2230 extensa
625 2192 760 2241 sunt,
811 2192 935 2229 utet
965 2193 1098 2229 recto
1131 2184 1435 2247 procedendi

53 2263 232 2320 modo,
269 2272 316 2309 et
340 2266 626 2310 salutarium
657 2264 1031 2326 dispositionum
1057 2264 1258 2321 effectu,
1314 2264 1440 2309 altis-

55 2343 207 2388 simae
242 2343 501 2390 intentioni
527 2345 705 2390 faciant
735 2345 876 2402 satis,
933 2345 1266 2408 arbitrioque,
1308 2344 1436 2406 quod

58 2424 238 2469 iisdem
269 2441 325 2469 ex
370 2425 461 2470 hoc
503 2427 624 2471 visus
659 2432 837 2487 puncto
873 2425 1195 2487 relinquitur,
1253 2423 1303 2468 in
1328 2440 1437 2485 pro-

60 2505 354 2549 movendam
413 2505 738 2552 urbarialium
781 2505 1089 2549 subditorum
1138 2504 1437 2560 felicitatem,

63 2601 172 2630 cum
213 2583 520 2630 alleviamine
565 2585 840 2629 colonicalis
873 2584 1208 2630 subsistentiae
1247 2583 1342 2640 uti,
1388 2590 1437 2628 et

59 2681 258 2727 operam
284 2666 463 2710 idcirco
490 2665 793 2726 impendere,
823 2682 906 2710 sua
922 2672 1150 2727 reputent
1176 2681 1279 2710 esse
1309 2681 1436 2709 com-

54 2745 228 2803 moda,
277 2761 477 2792 suarum
515 2743 820 2791 fortunarum
860 2751 1203 2807 augmentum,
1258 2762 1317 2792 ne
1353 2745 1436 2789 du-
