1669 3189
599 185 940 228 ...n-411...-

219 293 291 330 15.
325 282 517 328 Vicinia
541 283 998 344 promontoriorum
1032 278 1277 340 majorum
1313 288 1360 325 et
1386 281 1468 325 ho-

88 382 177 412 nae
207 365 467 425 qualitatis.

225 450 295 493 16.
332 445 634 489 Beneficium
661 443 933 488 exurendae
963 441 1134 498 calcis,
1172 440 1475 496 carbonum,

86 533 313 570 notanter
340 528 392 569 in
421 525 598 569 vicinia
632 521 903 566 civitatum.

222 618 293 652 17.
328 601 575 647 Beneficia
627 600 1022 655 communitatis,
1081 608 1249 662 utpote
1304 602 1479 647 nundi-

93 700 217 740 nae,
254 681 489 736 educilla,
526 684 719 735 terra'e,
754 687 923 741 prata,
959 680 1144 725 vineae.

224 772 295 810 18.
331 765 492 823 Aquae
537 777 626 822 pro
662 759 994 804 maceratione
1041 762 1280 806 canabum
1321 762 1483 809 utiles.

227 855 302 898 19.
339 843 501 886 Melae
529 842 579 886 in
610 841 714 885 loco
742 842 819 886 vel
852 841 903 886 in
942 841 1302 905 propinguitate
1350 843 1482 886 sitae.

221 924 318 967 NB.
345 921 381 966 si
408 938 525 966 vero
570 920 621 964 in
655 923 744 965 hoc
781 922 859 965 vei
882 922 977 973 illo‚,
1004 923 1112 967 loco
1151 923 1485 983 comperiren-

93 1009 174 1046 tur
214 1002 455 1046 beneficia
491 1000 646 1046 realia
691 1001 833 1056 talia,
896 1018 1018 1063 quae
1054 1003 1114 1048 ad
1153 1003 1486 1065 praededueta

94 1085 501 1147 exemplificativa
552 1083 721 1128 reduci
763 1101 859 1129 non
911 1091 1136 1145 possent,
1197 1092 1278 1131 aut
1328 1087 1487 1127 essent

94 1168 238 1228 plane
265 1165 517 1210 distinctae
547 1164 761 1227 speciei,
809 1165 928 1210 haec
952 1182 1140 1228 quoque
1164 1166 1218 1213 in
1241 1152 1480 1229 responsis

99 1247 412 1292 adnotentur.

408 1368 706 1435 Dlaleficz'a
749 1360 989 1421 locorum
1030 1383 1174 1420 sunt.

233 1498 273 1534 1.
310 1486 548 1532 Sterilitas
581 1494 629 1530 et
662 1488 879 1548 paucitas
912 1494 1191 1542 terrarum,
1245 1486 1364 1532 item
1396 1493 1491 1531 ter-

99 1585 181 1613 rae
211 1567 645 1623 exundationibus,
690 1567 931 1612 imbrium
978 1566 1370 1611 excavationibus
1412 1568 1492 1611 ob-

97 1647 302 1704 noxiae,
348 1647 469 1690 item
513 1663 687 1708 magna
725 1663 898 1692 earum
930 1646 1184 1701 distantia,
1231 1646 1284 1690 in
1309 1647 1492 1691 elevato

100 1727 322 1782 situatio,
360 1743 414 1770 ac
446 1726 560 1770 ideo
583 1726 770 1770 rimatio
797 1734 845 1771 et
874 1728 1062 1772 cultura
1095 1724 1326 1772 difficilis.

232 1821 275 1857 2.
312 1810 452 1852 Prata
489 1808 563 1868 rel
600 1808 769 1864 nulla,
824 1810 901 1854 vel
928 1825 1132 1870 gramen
1169 1808 1492 1853 caricetosum

105 1905 360 1934 mucosum
390 1895 480 1932 etc.
521 1887 853 1949 proferentia,
901 1905 954 1933 ac
983 1888 1388 1933 exundationibus
1410 1888 1487 1933 vel

103 1968 435 2014 subterraneis
476 1969 612 2030 aquis
651 1969 882 2026 obnoxia,
928 1969 1127 2017 foenum
1163 1987 1189 2014 a
1223 1968 1486 2030 longinguo

107 2049 508 2110 comparandum.

239 2139 281 2175 3.
315 2127 609 2189 Emporium
660 2130 879 2186 nullum,
946 2130 1024 2174 vel
1059 2131 1207 2191 longe
1250 2128 1491 2184 dissitum,

106 2226 301 2254 eorsum
322 2208 400 2253 via
428 2209 639 2255 difficilis
656 2244 669 2265 ,
708 2218 754 2255 et
777 2211 946 2255 multis
970 2211 1160 2254 teloniis
1194 2210 1363 2255 obsita.

239 2298 283 2343 4.
319 2291 551 2334 Pascuum
578 2291 769 2335 nullum
796 2292 871 2336 vel
902 2291 1147 2353 exiguum,
1193 2307 1245 2334 ac
1277 2289 1394 2333 alibi
1416 2305 1497 2350 pa-

114 2378 215 2414 rata
251 2371 661 2432 comparandum,
718 2370 912 2426 sterile,
976 2368 1379 2414 exundationibus
1417 2367 1498 2411 ob-

113 2453 339 2507 noxium,
390 2468 568 2511 pecora
597 2459 768 2497 aestate
815 2467 1008 2513 quoque
1041 2449 1175 2494 domi
1208 2449 1498 2511 pabulanda-

245 2545 287 2581 5.
326 2532 551 2578 Carentia
575 2533 875 2596 lignationis,
913 2539 957 2576 et
984 2531 1294 2587 arundineti,
1330 2538 1499 2575 notan-

114 2622 190 2659 ter
217 2614 300 2659 uhi
332 2614 576 2658 straminis
601 2613 809 2659 desectus
844 2614 990 2659 adest.
1049 2653 1051 2658 ⁴

244 2698 286 2743 6.
322 2692 624 2740 Beneficium
645 2694 875 2757 pecunias
909 2694 1138 2743 merendi
1160 2693 1370 2749 nullum,
1418 2691 1497 2738 vel
