1669 3189
564 161 964 219 -m660w‘w‘

0 242 1 245 Ἰ
49 255 264 301 Siimegh
298 257 337 290 in
374 257 560 292 Comitatu
597 259 728 294 Extra-

93 318 272 352 villanum
297 323 352 356 28.

0 422 1 425 Ἴ
44 396 135 403 —-—
162 378 297 412 urbarii
322 377 545 414 introductio
567 378 647 420 433.

42 457 133 464 ——
159 438 381 473 robottarum
411 446 413 448 ’
437 443 579 474 exactio
635 442 730 476 ultra

63 519 66 521 —
88 500 266 534 tabellam
290 500 512 537 urbarialem
535 515 620 548 303.

0 597 1 600 ,
42 561 316 596 Svevorum
341 563 514 598 coloniae
545 567 585 598 in
610 565 730 600 Comi·

86 630 164 656 tatu
189 624 339 670 Scepus.
369 631 448 670 289.

0 686 1 692 ¹
41 683 227 728 Sylvae
263 685 309 720 ad
346 687 634 723 constitutivum
664 700 729 736 ap-

83 744 238 790 plicitae
273 760 331 793 33.
373 756 453 791 378.
501 750 541 783 in
583 749 732 784 croatia

85 805 163 849 595.

35 885 128 892 ——
154 868 242 903 ordo
258 855 492 904 *circulariter
515 870 727 917 publicatus

83 937 163 973 299.
190 930 228 962 in
257 931 405 965 Croatia
428 932 508 965 623.

0 1025 1 1036 ἵ
33 1006 126 1015 —-·--
150 990 335 1036 inspectio
367 993 544 1028 Dominio
586 996 726 1028 incum-

81 1049 132 1083 bit
146 1062 203 1093 32.
229 1064 310 1098 355.
335 1066 401 1099 373
427 1059 463 1089 in
479 1057 629 1091 Croatia
642 1056 724 1096 537.

32 1128 125 1137 -—-·—
151 1112 397 1149 destructores
444 1118 628 1164 puniendi
665 1117 722 1152 32.

76 1183 161 1216 373.
189 1175 227 1207 in
262 1177 413 1210 Croatia
438 1184 519 1222 587.

31 1251 123 1258 -—
148 1238 331 1281 regulatio
360 1249 435 1284 ¹9¹·

30 1314 123 1322 —·—
149 1295 331 1331 fructuum
380 1299 549 1334 collectio
581 1301 720 1335 colonis

76 1356 238 1391 admissa
259 1369 302 1401 32
333 1362 372 1394 in
391 1361 568 1395 Slavonia
593 1362 673 1397 628.

28 1434 122 1443 ——
149 1420 393 1467 impopulatio
410 1426 449 1457 in
470 1424 721 1471 Loiperspach

76 1487 154 1523 293.

25 1557 114 1564 ——-
142 1541 326 1587 inspectio
355 1549 391 1576 et
416 1555 504 1576 usus
533 1544 570 1576 in
593 1543 714 1577 Bana-

80 1606 118 1632 tu
145 1611 203 1643 33.
230 1603 267 1635 in
292 1602 440 1638 croatia
463 1605 543 1646 570.

25 1659 458 1697 Szabadriethoffi.

29 1720 52 1754 S
67 1733 85 1753 Ζ
100 1731 120 1752 a
134 1719 156 1753 b
170 1732 190 1753 o
207 1721 250 1754 lc
265 1733 280 1755 s
323 1722 527 1757 Comitatus
566 1725 609 1757 16
630 1735 733 1772 pos--

73 1782 260 1814 sessiones
287 1782 367 1827 503.

29 1859 122 1867 -——
148 1841 448 1878 Extravillanum
470 1847 526 1882 28.

28 1921 121 1928 -—-—
146 1900 283 1936 uibarii
310 1904 528 1940 introductio
554 1907 634 1950 433.

27 1963 216 1997 Szalad
254 1964 291 1996 in
326 1965 511 1999 comitatu
544 1979 716 2003 mensura

71 2023 162 2067 juris
187 2027 354 2067 montani
374 2036 454 2070 318.

25 2105 116 2113 --
144 2086 302 2120 Decima
334 2096 369 2120 et
399 2088 510 2121 Nona
534 2092 609 2124 vini
634 2102 714 2135 312.

0 2150 115 2172 '———
141 2147 448 2183 Extravillanum
477 2151 533 2186 28·

23 2229 115 2235 --—
140 2210 280 2245 urbarii
306 2210 525 2245 introductio
552 2215 632 2256 432.

26 2271 406 2306 Szantoienses
435 2275 555 2318 quoad
591 2285 712 2323 prato-

74 2345 153 2367 rum
176 2335 215 2366 in
235 2344 341 2379 agros
366 2339 642 2371 conversionem
659 2350 712 2378 22,

29 2395 264 2440 Szapary
292 2396 425 2428 Comes
452 2396 532 2440 544.

26 2454 293 2489 Szathmar
329 2458 368 2490 in
411 2457 595 2494 Comitatu
632 2459 709 2496 Ex-

70 2516 306 2550 travillannm
331 2519 388 2552 «28.

23 2595 114 2601 ---
140 2576 276 2612 urbarii
306 2579 528 2615 introductio
553 2581 634 2625 433.

24 2652 47 2686 S
63 2664 81 2685 z
94 2654 113 2685 e
127 2665 144 2686 c
164 2652 185 2685 h
198 2652 217 2685 ὁ
230 2665 253 2687 n
265 2666 291 2699 y
306 2656 317 2689 i
344 2656 524 2704 Georgius
552 2659 703 2707 Episco-

70 2725 140 2759 pus
164 2715 244 2750 502.

767 264 791 299 S
805 281 823 301 z
835 267 856 301 ἑ
869 280 886 301 c
899 267 924 302 h
937 265 956 302 ό
970 272 1051 314 nyi
1089 272 1243 307 Comitis
1277 273 1314 307 in
1343 271 1454 308 bont,

815 331 999 364 Comitatu
1040 332 1179 379 Sopron
1216 335 1370 380 lignatio
1391 335 1448 369 fo-

815 390 905 423 calis
932 393 1012 425 302.
1114 434 1117 435 ⁷

769 449 791 483 S
809 460 921 486 zent
945 453 1138 488 Miklos
1165 457 1247 490 261.

768 511 1159 558 Szigethienses
1191 517 1311 562 quoad
1346 505 1450 567 emp-

813 575 950 608 tionem
979 578 1236 612 venditionem
1254 579 1452 616 fundorum

812 646 869 677 42.

768 697 791 731 S
806 701 848 731 zi
864 710 884 743 g
900 699 989 733 eth
1015 702 1194 748 oppidum
1221 704 1300 746 507·

766 779 859 785 —-
884 759 1027 795 lanioni
1050 775 1229 809 pascuum
1256 778 1448 803 commune

813 823 859 858 ad
882 837 987 858 usum
1019 832 1099 870 298.

765 886 821 919 Sz
840 897 862 919 o
878 893 999 920 nten
1015 889 1085 920 sis
1110 887 1294 923 Parochus
1322 902 1401 934 ¹37·

765 947 788 980 S
801 961 817 980 z
831 952 851 980 ὃ
865 947 887 982 d
913 949 995 982 261.

766 1008 788 1041 S
805 1021 822 1041 z
836 1009 883 1042 61
901 1009 947 1042 16
961 1022 976 1043 s
1003 1012 1042 1044 in
1066 1012 1306 1056 possessione
1329 1014 1451 1058 ligna-

810 1071 860 1102 tio
887 1069 1016 1104 focatis
1042 1083 1123 1116 301.
1163 1076 1165 1078 ’

763 1120 815 1176 Τ
827 1157 847 1178 a
860 1145 882 1179 b
897 1157 917 1178 a
931 1158 948 1179 c
962 1156 984 1178 a
1005 1145 1171 1182 decimae
1183 1146 1350 1190 subjecta
1366 1149 1448 1187 232.

761 1227 851 1232 ——
879 1209 1170 1242 Communitates
1194 1211 1230 1242 in
1257 1211 1442 1245 Comitatu

806 1270 982 1303 Torontal
1009 1280 1085 1314 134.

762 1332 796 1365 T
811 1342 831 1363 a
846 1330 868 1364 b
885 1332 928 1364 el
947 1331 1027 1365 lae
1051 1331 1250 1367 urbariales
1276 1343 1329 1373 24.
1358 1344 1442 1376 440.

805 1395 883 1438 454.
924 1394 1018 1428 ultra
1066 1403 1233 1429 octavam
1291 1394 1445 1429 inferior

809 1455 919 1488 fracta
939 1468 1014 1489 non
1041 1464 1247 1501 exponatur
1271 1467 1324 1502 19.

757 1533 848 1540 ——-
874 1519 912 1551 in
971 1526 1123 1564 quatuor
1169 1517 1444 1564 exemplaribus

803 1579 1064 1623 expediendae
1087 1579 1168 1622 383-

753 1655 843 1662 -——
870 1636 967 1671 u'ltra
987 1638 1056 1671 has
1082 1639 1303 1672 robottarum
1328 1651 1438 1674 exae-

801 1699 851 1729 tio
878 1697 959 1735 303.

752 1776 843 1783 —-·—
870 1760 1108 1793 constitutivi
1135 1761 1370 1795 extravillani
1403 1764 1441 1797 in

800 1820 988 1866 Hungaria
1012 1827 1066 1859 28.

752 1901 843 1907 —-
870 1894 914 1915 ex
942 1883 1212 1929 conscriptione
1249 1891 1284 1917 et
1309 1895 1441 1919 novem

798 1944 945 1989 punctis
971 1946 1256 1989 interrogatoriis
1280 1956 1361 1989 413.

754 2021 845 2029 ——-
869 2006 1161 2051 praestationum
1195 2004 1436 2040 urbarialium

805 2065 850 2101 ad
872 2067 1085 2114 specificum
1111 2067 1260 2101 reducta
1290 2067 1369 2101 250.

751 2146 841 2154 -—-—-
871 2127 1128 2162 distantiarum
1151 2129 1272 2175 quoad
1295 2131 1384 2161 itum
1401 2135 1439 2163 et

796 2188 954 2224 reditum
983 2190 1061 2236 259.
1088 2193 1127 2224 in
1156 2191 1304 2224 croatia
1332 2187 1413 2233 60'3.

755 2269 847 2276 ———
872 2253 1133 2298 praestationis
1157 2251 1369 2286 victualium
1394 2252 1436 2284 in.

801 2298 949 2347 Banatu
996 2314 1075 2357 246.
1124 2313 1348 2347 robottarum
1395 2313 1436 2345 in

799 2374 946 2408 Banatu
972 2376 1052 2419 274.
1326 2413 1330 2417 ,

753 2437 845 2445 -—
872 2421 1014 2455 Census
1064 2433 1129 2470 pro
1173 2421 1434 2455 mercatoribus

799 2488 877 2524 278,

749 2560 842 2568 —-—
867 2546 1132 2580 authenticatio
1176 2547 1214 2579 in
1266 2545 1435 2590 Baranya

797 2605 984 2642 Comitatu
1011 2619 1088 2647 102,

742 2681 833 2689 -—
859 2663 1023 2702 defectus
1046 2677 1108 2704 aut
1130 2668 1429 2712 supernatantiae

790 2724 987 2762 fundorum
1013 2738 1094 2775 459.
