1669 3189
668 180 738 190 ..aua
796 157 819 198 3
826 171 848 212 ι)
855 170 876 195 2
936 177 1006 188 uu

154 271 223 313 tia
249 282 396 313 vacua
432 283 542 312 eum
570 265 618 309 in
651 264 800 308 finem
830 269 1157 324 exponantur,
1193 271 1426 328 quatenus
1448 281 1538 328 pro

153 349 342 393 ratione
382 346 636 407 substrati,
674 350 721 386 et
753 342 1093 403 adjunctorum
1139 347 1336 390 eaedem
1384 346 1540 391 vacui-

151 435 274 473 tates
303 429 484 473 calamo
520 424 772 468 scribentis
814 425 1086 469 secundum
1127 442 1261 470 suam
1294 426 1546 471 actualita-.

153 515 254 552 teni
288 505 472 566 expleri
531 511 580 547 et
616 506 833 567 suppleri
875 506 1069 567 possint.
1126 507 1357 569 Quamvis
1387 507 1539 562 'enim

151 585 392 648 principia
417 584 607 630 urbarii
638 585 793 630 ubivis
835 586 1004 630 eadem
1037 586 1159 641 sint,
1178 593 1244 649 ,et
1273 584 1539 630 conformis

151 664 419 710 eorundem
449 664 675 727 spiritus,
714 664 1104 710 circumstantiae
1130 673 1290 710 tamen
1315 667 1538 710 locorum

149 763 244 790 non
277 744 433 788 ubivis
459 745 599 790 unius
619 743 934 805 ejusdemque
975 743 1194 805 generis,
1233 743 1292 787 ad
1337 758 1540 804 genera-

146 825 348 869 liahaec
376 825 529 870 defixa
543 825 787 886 principia
813 825 998 868 variam
1038 824 1306 868 sortiuntur
1331 821 1539 883 applica-

152 905 338 949 tionem
357 939 369 961 ,
408 905 486 950 cui
514 921 660 967 scopo
696 904 848 948 etiam
873 904 1133 950 vacuitates
1161 904 1210 948 in
1226 901 1436 947 urbm-iis
1466 914 1542 943 re-

148 985 289 1055 ljctae
320 992 445 1030 sunt.

279 1065 531 1110 instructio
559 1064 908 1127 exequentium
934 1061 1373 1125 magistratualium
1394 1063 1446 1106 in
1465 1078 1541 1105 ur-

148 1144 412 1189 barialihus
439 1162 538 1205 cap.
571 1146 629 1192 V.
656 1143 694 1202 §.
727 1154 800 1190 15.
837 1143 1018 1186 diserte
1053 1141 1323 1205 praecipit,
1358 1149 1410 1185 ut
1444 1151 1543 1184 ma'-

147 1225 446 1286 gistn-atunles
481 1229 774 1282 exequentes
810 1222 1082 1282 procedant
1123 1222 1182 1266 ad
1218 1220 1540 1265 insertionem

148 1309 197 1346 et
234 1301 608 1362 inscriptionem
641 1318 846 1357 eorum,
882 1317 1005 1363 quae
1032 1301 1084 1344 in
1126 1301 1288 1346 vacuis
1320 1298 1538 1344 urbario-

147 1399 257 1426 rum
287 1381 403 1425 locis
426 1388 778 1425 concernenter
811 1395 862 1423 ac
907 1386 1266 1440 competenter,
1304 1378 1538 1422 adhibita-

147 1478 240 1523 que
271 1461 538 1505 attentione
566 1475 803 1521 perquam
846 1458 1057 1502 maxima
1095 1457 1354 1502 inserenda
1393 1463 1440 1500 et
1471 1457 1540 1500 in-

146 1540 401 1585 scribenda
431 1547 552 1585 sunt.
620 1542 683 1584 Ut
704 1554 817 1583 vero
848 1539 937 1582 hoc
969 1540 1020 1582 in
1047 1539 1210 1582 labore
1240 1555 1295 1583 eo
1322 1537 1469 1582 tutius
1492 1544 1540 1581 et

144 1621 332 1665 facilius
357 1618 587 1681 progredi
634 1618 848 1680 possint,
887 1635 978 1679 pro
1017 1618 1289 1662 eorundem
1320 1616 1541 1660 inviatio-

145 1717 230 1754 ne,
282 1706 331 1743 et
367 1699 658 1753 directione,
707 1698 849 1741 citata
901 1697 1219 1741 instructione
1258 1699 1344 1742 suh
1383 1699 1438 1742 L.
1487 1702 1535 1741 et

146 1794 251 1823 nro.
293 1790 361 1824 11.
386 1778 688 1838 praescripta
719 1784 786 1821 est
819 1776 869 1820 in
902 1775 1083 1838 triplici
1107 1775 1278 1836 lingua
1327 1777 1459 1820 hunc
1486 1776 1538 1823 in

143 1859 295 1902 finem
322 1857 623 1902 deservitura
658 1856 929 1901 modalitas.
1303 1912 1309 1913 ἶ

274 1939 536 1983 Praemisso
566 1954 655 2004 eo,
696 1938 824 1999 quod
867 1937 1065 1981 urhario
1105 1937 1156 1982 in
1197 1953 1292 1999 qua
1336 1937 1538 1981 demum

145 2035 336 2081 cunque
402 2020 565 2082 lingua
620 2018 905 2080 ceteroquin
945 2017 1128 2064 colonis
1162 2018 1417 2064 vernacula
1450 2017 1539 2061 im-

142 2116 336 2161 presso,
377 2107 486 2143 ante
531 2101 696 2143 omnia
728 2098 1058 2143 nomenclatio
1092 2097 1406 2160 possessionis
1446 2104 1528 2141 aut

143 2180 344 2240 oppidi,
379 2195 470 2240 pro
501 2195 595 2240 quo
630 2179 887 2223 urbarium
918 2186 1081 2234 sonat,
1117 2185 1166 2222 et
1211 2177 1534 2245 extradatur,

147 2259 421 2320 praeinseri
450 2258 621 2303 debeat
649 2259 926 2315 maiusculis
944 2259 1098 2303 literis
1128 2276 1153 2302 a
1177 2258 1334 2302 fronte
1352 2290 1365 2313 ,
1395 2273 1536 2319 quae-

147 2339 350 2385 stionata
387 2337 761 2401 inscriptionum
802 2339 990 2402 objecta
1039 2345 1186 2401 agunt
1233 2339 1293 2383 de
1337 2355 1535 2402 sequen-

147 2419 288 2465 tibus.

284 2509 321 2543 1.
348 2500 420 2543 De
439 2517 647 2545 numero
676 2498 967 2563 jugerorum
1004 2507 1051 2544 et
1085 2499 1421 2545 falcastrorum
1461 2497 1534 2541 in-

150 2577 387 2634 serendo,
430 2581 566 2641 prior
612 2579 924 2642 capacitatem
958 2586 1204 2625 terrarum
1240 2579 1527 2633 arabilium,

146 2658 388 2718 posterior
418 2667 674 2719 pratorum
701 2661 935 2723 designat.

282 2748 325 2784 2.
346 2739 418 2781 De
450 2740 818 2799 epocillatione,
853 2739 892 2783 si
926 2739 1081 2784 coloni
1127 2737 1528 2801 promontorium

149 2816 389 2875 habeant,
425 2824 507 2864 aut
532 2819 571 2865 si
599 2819 750 2867 vineis
783 2827 993 2877 careant.
