1669 3189
572 126 913 208 44509...

178 261 239 323 Uj
287 260 661 323 Hal-tyanienses
704 261 765 304 de
811 277 933 306 anno
977 266 1112 308 1808.
1153 270 1192 305 1.
1221 258 1321 321 jan.
1354 261 1458 306 Neo

54 342 385 404 impopulatae
427 342 740 403 possessionis
779 342 956 385 Vecses
996 335 1156 384 coloni
1199 347 1456 385 contractu

55 421 480 484 impopulationali
514 422 574 465 de
601 423 745 470 1736.
778 428 850 467 15.
873 421 975 482 juni
1012 419 1210 481 provisi.

187 501 442 563 Oppidum
471 502 700 546 Soroksar
736 500 985 545 constituit
1023 500 1255 545 sessiones
1306 512 1364 548 ’ἱο
1392 525 1457 534 --

54 582 106 627 in
133 583 304 645 quibus
337 593 423 629 105
453 581 617 626 coloni
646 587 974 625 numerantur
999 613 1012 635 ‚
1047 581 1192 625 hahet
1242 588 1463 642 praeter-

54 680 110 707 ea
142 661 406 724 inquilinos
443 672 552 716 259.
593 659 951 722 subinquilinos
999 662 1078 708 80.
1115 686 1179 692 —-
1221 662 1459 707 taxalistas

55 754 131 799 91.
162 749 209 786 et
245 742 367 788 duos
403 742 734 790 arendatores.
929 738 933 742 ’

182 824 283 872 ΝΒ.
336 821 694 866 Taxalistarum
737 821 953 884 singulus
989 820 1135 865 solvit
1171 827 1333 866 taxam
1376 823 1455 868 do-

53 902 236 948 malem
261 916 357 945 una
393 917 503 945 cum
528 918 676 946 censu
704 918 730 946 a
754 902 800 947 ss.
835 913 909 948 1ο.

192 981 327 1026 Ollae
353 981 675 1027 crematoriae
712 982 874 1034 nullae
915 989 1040 1037 sunt,
1073 982 1218 1044 longa
1254 989 1453 1027 vectura

56 1061 190 1123 equis
235 1061 493 1123 oppidanis
523 1096 536 1118 ,
589 1080 710 1124 quos
752 1064 1073 1107 communitas
1107 1069 1280 1116 servat,
1317 1079 1459 1122 supe„

54 1149 216 1200 ratur3
238 1141 479 1187 beneficia
507 1142 711 1205 regalia,
738 1150 785 1186 et
809 1142 1096 1204 praedialia,
1135 1159 1225 1187 nec
1250 1159 1345 1187 non
1363 1149 1456 1187 ter.

54 1237 131 1264 ras
162 1222 537 1268 remanentiales
575 1223 824 1285 possident
847 1223 898 1267 in
927 1223 1110 1267 arenda
1138 1223 1290 1267 iidem
1322 1222 1459 1284 oppi-

61 1302 187 1346 dani.
220 1309 309 1347 etc.
334 1310 420 1346 etc.

188 1382 242 1425 In
271 1381 463 1441 reliquo
499 1367 551 1424 id
576 1382 789 1444 benigna
829 1380 1032 1443 positiva
1069 1383 1363 1429 resolutione
1388 1401 1464 1431 re‹

54 1459 135 1521 gia
172 1475 276 1504 nro.
320 1459 414 1504 aul.
452 1471 595 1508 2173.
633 1478 760 1505 anno
814 1464 948 1509 1816.
993 1462 1230 1506 sancitum
1261 1472 1356 1520 est,
1407 1472 1461 1509 ut

61 1539 281 1599 quaestio
324 1540 634 1584 tractamenti
686 1540 1028 1584 contractualis
1068 1557 1093 1583 a
1121 1542 1358 1587 revisione
1394 1561 1460 1588 se-

60 1617 195 1663 driae
238 1619 489 1663 altioribus
523 1619 669 1675 locis,
715 1627 762 1664 et
792 1618 1026 1664 decisioni
1057 1618 1318 1665 altissimae
1356 1623 1462 1667 sub-

65 1701 218 1745 sterni
248 1700 435 1745 debeat.

191 1780 315 1823 Cum
340 1779 391 1822 in
415 1777 699 1839 praemissis
726 1780 909 1824 ment-io
939 1778 1063 1824 facta
1094 1778 1155 1822 sit
1174 1781 1322 1824 etiam
1347 1796 1460 1825 con-

64 1866 308 1905 tractuum
330 1858 875 1919 impopulationahum,
910 1859 1177 1903 notandum
1203 1868 1307 1915 est,
1345 1878 1460 1905 con-

64 1947 242 1985 tractus
273 1937 761 1999 impopulationales,
812 1939 890 2000 qui
941 1938 1063 1984 cum'
1089 1956 1180 1984 neo
1209 1940 1454 1985 colonistis

66 2020 128 2063 ad
158 2019 511 2081 impopulanda
533 2018 751 2080 praedia,
791 2019 867 2063 vel
892 2019 1077 2064 deserta
1100 2026 1187 2066 etc,
1229 2020 1455 2075 evocatis,

63 2098 394 2162 peculiaribus
440 2100 729 2161 ceteroquin
780 2115 892 2143 curn
938 2099 1180 2145 favoribus
1231 2099 1350 2145 iniri
1391 2118 1462 2145 so-

63 2181 193 2235 lent,
245 2180 568 2242 praecipuum
597 2178 892 2224 constituere
926 2179 977 2223 in
1015 2181 1167 2226 causis
1206 2179 1462 2224 urbm-iali-

65 2260 152 2305 hus
184 2260 593 2316 instrumentum,
648 2267 788 2321 atque
826 2276 919 2304 una
945 2260 1093 2304 etiam
1128 2275 1217 2321 pro
1249 2259 1376 2322 justo
1411 2268 1463 2306 et

69 2355 223 2402 aequo
253 2341 564 2385 essentialem
597 2340 820 2385 obtinere
846 2330 1182 2383 dominiorum
1209 2346 1461 2386 ten-estra-

67 2419 194 2463 lium
224 2420 610 2481 protectionem,
647 2420 780 2464 cuius
807 2420 1146 2464 sustentandae
1176 2436 1346 2476 causa,
1385 2437 1461 2464 ex*

67 2500 231 2562 {gente
279 2515 419 2556 casu,
489 2516 514 2544 e
563 2506 701 2561 parte
751 2498 1184 2544 administrationis
1234 2500 1462 2566 publicae

71 2595 265 2643 semper
300 2580 514 2643 optimae
540 2578 879 2641 dispositiones
903 2578 1054 2627 factae
1079 2586 1200 2628 sunt.

625 2729 908 2747 mmmm

1107 2766 1121 2784 0
