1669 3189
574 168 644 184 «κα-η
702 148 729 190 5
734 161 758 205 9
767 162 781 188 1
848 167 917 180 me-

44 253 291 318 gulatione
318 250 554 296 urbariali
583 252 635 296 in
667 251 900 296 comitatu
922 250 1013 295 hoc
1042 250 1140 314 jam
1162 249 1438 297 introducta

43 333 351 397 praestitam,
381 331 557 376 abhinc
573 347 668 375 una
694 347 803 374 cum
834 330 1200 375 cohaerentibus
1231 332 1362 386 actis,
1394 340 1442 377 et

45 414 390 461 instantiarum
430 411 715 474 protocollis
766 427 874 455 suae
898 411 1143 473 Nlajestati
1183 412 1441 456 sacratissi-

46 512 156 540 mae
184 491 463 539 humillime
495 497 936 554 repraesentatam,
999 490 1290 553 dignabatur
1329 492 1441 536 alte-

43 575 138 621 fata
165 592 249 620 sua
274 573 550 632 Majestatas
596 586 819 616 caesareo
852 570 988 632 regia
1029 572 1089 614 ad
1126 570 1440 617 obtinendam

49 662 351 702 memoratae
402 652 660 698 urbarialis
708 649 1027 712 regulationis
1070 651 1438 696 consistentiam

46 754 99 782 ac
134 752 306 799 pacem
345 742 390 780 et
420 729 822 793 tranquillitatem
861 729 1110 791 publicam
1154 748 1438 779 conservan-

26 818 160 863 ⁸dam
180 816 424 880 sequentia
448 813 717 858 clementer
744 812 1020 868 resolvere,
1057 818 1106 856 et
1133 813 1347 875 quidem.

49 981 264 1046 (Quoad
322 978 706 1023 dimensionem
764 980 1073 1020 tenatorum
1124 977 1438 1022 col-onicalz'-

114 1063 230 1102 um,
283 1045 712 1089 elaborationem
763 1041 1094 1086 tabellarum
1144 1044 1438 1088 urbarz‘ali-

113 1129 220 1166 nm,
258 1117 310 1155 et
338 1111 704 1154 reductionem
725 1109 1161 1168 praestationum
1188 1108 1259 1153 ad
1287 1124 1440 1154 suam

118 1179 576 1236 competentiam.)

180 1303 219 1338 1.
252 1292 376 1336 Cum
392 1306 448 1334 ex
472 1288 753 1351 protocollis
780 1288 1125 1334 instantiarum
1154 1288 1339 1331 clarum
1365 1285 1445 1341 sit,

52 1369 381 1415 dimensiones
410 1370 747 1427 dominales,si
778 1385 876 1414 non
894 1370 1091 1431 ubique,
1119 1366 1285 1413 saltem
1318 1366 1448 1428 apud

57 1452 245 1512 aliquos
273 1450 499 1496 dominos
515 1458 775 1496 terrestres
795 1451 1021 1513 gravibus
1042 1457 1222 1497 scatere
1242 1445 1450 1492 deffecti-

50 1532 167 1587 hus,
214 1530 315 1590 jam
350 1547 463 1576 vero
497 1530 886 1576 dimensionibus
920 1531 1247 1575 dominatibus
1276 1526 1448 1572 funda-

51 1618 276 1657 mentum
312 1611 567 1657 universae
603 1609 910 1672 operationis
949 1609 1159 1666 effectis,
1222 1622 1343 1668 quae
1378 1605 1450 1668 ju·

54 1691 186 1735 stitia
203 1724 216 1747 ,
253 1699 299 1735 et
325 1692 476 1752 qualis
498 1709 589 1751 pax
605 1723 619 1744 ,
666 1689 1090 1751 tranquillitasque
1124 1687 1322 1751 publica
1348 1702 1451 1749 spe-

54 1771 154 1834 rari
179 1769 356 1832 possit,
393 1777 562 1831 suapte
599 1776 996 1830 consequeretur,

184 1852 255 1896 Ex
281 1866 338 1895 eo
369 1849 596 1911 priorum
625 1850 676 1893 in
703 1849 1100 1910 consequentiam
1130 1846 1452 1910 praetitulatis

63 1931 476 1976 dominationibus
491 1929 664 1976 vestris
681 1930 828 1987 ultro,
855 1945 907 1973 ac
933 1929 1062 1973 serio
1097 1927 1452 1979 conmittendi-im

58 2012 209 2058 habet
225 2012 489 2058 Consilium
510 2012 602 2057 hoc
617 2011 811 2073 regium
825 2000 1044 2065 locumti,
1067 2016 1119 2054 ut
1140 2007 1223 2053 ubi
1244 2007 1327 2053 uhi
1348 2005 1454 2050 suh-

64 2096 154 2141 diti
170 2094 473 2142 dimensione
501 2092 735 2138 dominali
762 2107 811 2136 se
839 2097 1059 2153 gravatos
1085 2106 1203 2146 esse,
1229 2089 1327 2134 sive
1354 2087 1455 2148 jam

61 2177 317 2239 conquesti
341 2182 477 2231 sunt,
528 2173 624 2218 sive
666 2174 719 2217 in
750 2171 974 2218 futurum
1013 2177 1454 2233 conquererentur,

60 2258 247 2319 publici
279 2263 556 2320 geometrae
575 2255 632 2298 ad
652 2254 826 2298 faciem
859 2255 1077 2299 locorum
1108 2260 1296 2308 exeant,
1325 2259 1373 2295 et
1400 2253 1456 2300 in,

22 2332 25 2335 ¹
59 2338 334 2400 praesentia
380 2339 522 2383 unius
567 2335 945 2397 magistratualis
988 2349 1225 2396 personae
1273 2331 1452 2394 probas

64 2418 426 2464 dimensionum
455 2417 778 2462 dominalium
816 2431 916 2460 non
942 2414 1027 2460 uhi
1061 2414 1129 2458 eis
1160 2414 1336 2475 placet,
1372 2411 1455 2456 sed

61 2502 112 2546 in
157 2499 319 2545 fundis
357 2507 403 2544 et
424 2500 577 2555 loeis,
612 2499 662 2543 in
714 2498 885 2559 quibus
925 2495 1233 2557 querulantes
1276 2490 1455 2537 subditi

64 2579 299 2642 injuriam
343 2596 479 2625 suam
507 2580 662 2624 latere
693 2576 1038 2639 exposuerint,
1074 2575 1209 2620 omni
1240 2589 1350 2617 cum
1383 2588 1456 2616 ac-

66 2661 311 2705 curatione
340 2659 622 2714 instituant,
675 2677 733 2704 an
758 2665 804 2702 et
830 2658 995 2719 quales
1034 2655 1240 2701 desectus
1266 2669 1457 2715 compe-

64 2742 254 2801 rerint3
308 2740 458 2787 iidem
487 2746 768 2803 geometrae
799 2754 909 2785 cum
939 2735 1171 2799 adjunctis
1210 2734 1457 2799 magistra-
