1669 3189
572 166 641 178 *ψ
699 152 787 204 479
845 168 917 179 “⁸⁶

173 263 217 310 9·
242 252 459 299 Licitum
485 268 590 298 esse
613 254 788 300 incolis
816 270 908 315 pro
935 260 1160 316 tempore
1185 254 1447 304 urbarialia

42 342 120 380 ter
146 335 237 379 sihi
278 350 537 391 concess0,
562 335 736 380 vinum
785 334 1069 397 ubicunque
1108 346 1450 398 compen-amm

41 432 127 460 seu
146 416 198 459 in
227 414 388 460 stabili
414 432 439 460 e
457 414 599 459 duci
615 417 631 460 l
647 416 663 460 l
681 432 736 472 ο,
772 416 855 460 seu
879 417 1125 462 rusticana
1155 417 1300 463 domo
1333 420 1450 466 edu-

43 496 230 540 cillare.

177 587 250 623 10.
285 575 439 635 Culpa
463 573 670 618 dominii
701 585 1242 639 supererogatos
1283 580 1450 625 labo.

39 674 64 702 r
83 672 143 701 es
173 655 425 702 laboribus
459 654 703 717 sequentis
729 654 844 700 anni
871 656 1112 718 imputari
1146 676 1245 705 non
1280 678 1438 722 posse,

38 756 209 785 verum
236 737 490 782 occasione
520 735 899 799 investigationis
934 753 1128 783 annuae
1166 740 1337 785 incolis
1366 759 1446 803 pa-

37 829 142 866 rato
171 836 283 864 aere
312 817 647 865 bonificandos
677 819 848 863 venire
867 851 881 874 ,
934 834 959 862 e
1003 835 1239 865 converso
1282 824 1444 884 culpa-

36 903 192 948 bilem
219 903 498 947 incolarum·
522 900 810 946 restantiam
836 899 969 961 juxta
999 901 1369 964 dispositionem
1393 906 1442 951 b.

39 982 299 1029 urbarialis
322 982 641 1045 regulationis
665 983 1079 1044 compensandam
1108 999 1227 1029 esse.

173 1065 245 1111 11.
280 1063 467 1111 Incolas
489 1064 585 1107 loci
620 1063 783 1125 hujus,
819 1064 1033 1126 integras
1081 1075 1158 1112 30.
1206 1065 1440 1110 sessiones

42 1144 331 1190 colonicales
363 1161 463 1188 non
502 1144 835 1200 continentes,
870 1144 978 1188 loco
1006 1132 1204 1190 vi¹tuli
1233 1161 1261 1189 a
1287 1146 1446 1208 singu-

39 1225 88 1270 la
112 1225 302 1287 integra
332 1225 539 1270 sessione
566 1225 776 1287 singulos
805 1240 990 1287 grossos
1015 1241 1174 1271 annue
1207 1226 1448 1287 depende«

38 1322 96 1350 re
122 1303 344 1366 obligari.

182 1394 258 1430 12.
295 1384 341 1427 D
362 1380 612 1427 ecimam
639 1384 772 1427 clero
795 1383 965 1446 vigore
987 1384 1182 1429 articuli
1216 1397 1261 1431 1.
1300 1391 1441 1434 1481.

37 1481 95 1510 ex
124 1461 329 1526 agnellis
347 1495 361 1519 ,
397 1461 569 1524 apibus
595 1495 608 1518 ‚
644 1480 770 1524 puro
794 1471 875 1507 aut
902 1464 1094 1526 siligine
1129 1465 1281 1511 mixto
1305 1466 1448 1510 triti-

39 1561 95 1591 co
112 1579 126 1602 ,
177 1543 396 1607 siligine.
446 1542 631 1599 millio,
695 1544 883 1589 hordeo
929 1550 978 1588 et
1013 1560 1165 1589 avena
1203 1553 1451 1607 praestan-

38 1626 153 1671 dam
184 1625 368 1672 venire.

171 1717 246 1755 13.
282 1703 786 1749 Executionales
834 1719 1099 1765 grossos
1140 1702 1316 1747 dietim
1361 1704 1451 1749 sol-

37 1786 220 1834 vendos
247 1801 345 1830 non
385 1789 619 1845 respectu
665 1781 845 1846 singuli
884 1782 1182 1829 restantiarii
1221 1784 1447 1840 incolae,

40 1868 124 1914 sed
157 1874 383 1928 respectu
429 1864 740 1926 singulorum
791 1865 1144 1926 exequentium
1205 1863 1445 1927 intelligi,

32 1931 294 1993 *rest-antias
319 1961 437 1991 vero
480 1944 730 1989 occasione
760 1945 1023 1991 urbarialis
1053 1943 1348 1991 executionis
1378 1946 1450 1990 in-

39 2035 117 2074 ter
140 2028 356 2074 subditos
378 2033 620 2088 repertas,
663 2027 807 2088 plene
836 2026 1164 2088 complanatas
1192 2042 1296 2071 esse
1319 2043 1448 2072 com-

38 2108 272 2169 perimus,

169 2193 248 2238 14.
284 2187 598 2232 Praemonito
636 2186 854 2244 subdito,
901 2203 963 2231 ne
1015 2204 1051 2231 s.
1098 2204 1143 2232 v,
1185 2187 1443 2232 sabellicos

45 2266 106 2312 ad
133 2283 271 2329 agros
301 2274 380 2312 aut
404 2269 553 2329 sylvas
583 2267 836 2328 impellat,
873 2265 1216 2328 trajectionem
1248 2267 1450 2328 quidem

41 2347 316 2392 eorundem
354 2346 539 2392 licitam
580 2363 711 2403 esse,
763 2364 961 2392 carnem
993 2355 1164 2392 tamen
1203 2346 1406 2392 illorum
1431 2381 1447 2405 9

44 2434 126 2471 aut
163 2442 391 2471 anserum
416 2429 733 2490 trajectorum
767 2428 1117 2474 restituendam
1144 2436 1227 2472 aut
1275 2429 1446 2474 bonifi-

48 2508 250 2553 candam
286 2523 408 2558 esse.

171 2598 243 2635 15.
288 2587 553 2633 Occasione
570 2589 1013 2634 accommodandae
1042 2590 1231 2634 metalis
1259 2597 1453 2636 contro-

39 2667 221 2712 versiae
251 2667 423 2711 omnia
452 2683 605 2712 onera
634 2670 793 2713 solum
834 2670 1120 2715 terrestrale
1156 2670 1439 2717 dominium

41 2754 331 2810 supportare>
352 2747 550 2793 debere.
