1669 3189
744 210 812 221 m..
871 185 953 236 432
1011 207 1080 219 „m

201 309 314 366 ptae
354 295 739 358 investigationes
773 289 1055 334 omnimode
1102 291 1470 350 accelerentur,
1534 299 1582 339 et

202 397 347 444 super
386 390 677 441 progressu,
725 387 777 414 ac
826 377 950 415 statu
996 370 1236 432 ejusmodi
1268 374 1479 436 negotii,
1529 375 1592 421 in-

204 481 297 526 quo
325 474 500 517 nempe
527 453 765 509 subsistat,
803 458 885 496 aut
914 466 1020 507 cur,
1055 458 1134 495 aut
1163 450 1246 495 ubi
1282 453 1581 500 adhaereat?

203 544 262 587 de
290 552 450 584 mense
486 534 536 577 in
572 548 817 587 mensem,
852 532 944 575 nisi
970 529 1163 575 brevior
1189 529 1312 575 sorte
1348 531 1399 576 in
1434 533 1583 593 speci-

202 619 303 664 ficis
341 614 524 660 casibus
557 612 800 656 terminus
833 611 1063 655 altissimo
1107 611 1213 655 loco
1257 611 1584 673 praefigatur,

199 694 407 760 genuina
430 692 708 738 informatio
727 691 1055 747 submittatur,
1083 691 1156 735 illi
1181 707 1293 736 vero
1318 691 1398 753 qui
1420 698 1584 753 prote-

202 774 392 821 lationis
425 789 565 820 causa
599 772 819 828 suerint,
856 772 915 816 ad
951 772 1159 816 dandam
1188 770 1299 815 sacti
1342 770 1584 816 rationem

198 854 328 900 illico
356 854 638 917 adigantur,
692 860 737 897 et
771 869 862 914 pro
901 858 1150 914 comperto
1173 852 1224 896 in
1258 868 1337 896 eos
1370 866 1482 895 cum
1514 867 1585 894 su-

201 936 458 998 spensione
501 951 528 978 a
560 933 774 989 salariis,
824 939 871 977 et
895 950 985 994 pro
1014 950 1067 978 re
1105 940 1217 980 nata
1256 930 1585 977 severioribus

210 1017 359 1060 etiam
392 1014 565 1077 poenis
597 1013 1028 1058 animadvertatur.

332 1096 472 1140 Idem
504 1096 600 1140 fine
631 1093 821 1138 debitae
849 1092 1194 1155 invigilationis
1222 1093 1464 1154 supremis
1488 1093 1590 1138 sun-

200 1175 427 1238 gentibus
464 1174 722 1218 comitibus
764 1171 1048 1216 intimatum
1087 1178 1172 1216 est.
1215 1190 1259 1216 v.
1296 1188 1458 1218 nrum.
1497 1174 1588 1217 aul.

202 1261 342 1302 4442.
388 1265 525 1308 1791.

330 1333 429 1377 NB.
463 1332 619 1377 Jurati
645 1331 862 1377 Tabulae
878 1329 1041 1393 regiae
1075 1331 1136 1375 ad
1162 1329 1496 1392 inquisitiones
1534 1330 1589 1377 in

203 1411 407 1474 obJectis
428 1411 771 1467 urharialibus,
797 1419 844 1455 et
865 1409 1075 1472 politicis
1103 1411 1408 1472 peragendas
1439 1411 1592 1472 appli-

1654 782 1669 814 ιζ
1664 754 1669 767 -
1641 593 1669 744 *Nun—“s‘'—

205 1492 304 1536 cari
336 1507 435 1535 non
462 1497 686 1552 possunt,
767 1491 836 1533 Ex
864 1488 1083 1533 intimato
1127 1489 1327 1534 Consilii
1363 1491 1592 1537 locumte-
1655 1495 1657 1497 ’

201 1570 428 1615 nentialis
462 1569 539 1613 die
575 1581 645 1616 12.
673 1567 779 1627 juni
813 1579 948 1623 1795.
975 1568 1036 1613 ad
1063 1568 1352 1614 comitatum
1378 1570 1591 1634 Siimegh

204 1657 440 1695 emanato.

333 1729 696 1776 Notandum.
759 1730 833 1773 De
873 1729 982 1774 dato
1022 1738 1070 1775 et
1110 1733 1359 1787 terminis,
1396 1731 1589 1794 quando

204 1828 319 1856 narn
351 1826 496 1871 super
527 1810 811 1872 singillative
835 1811 1081 1855 submissis
1106 1810 1204 1871 jam
1230 1811 1425 1873 praevie
1455 1827 1592 1873 prae-

207 1889 387 1952 paratis
421 1906 508 1951 per
552 1890 798 1935 universas
829 1890 1188 1951 jurisdictiones
1225 1890 1340 1936 actis
1376 1890 1593 1937 urbaria·

206 1969 266 2016 lis
292 1967 607 2032 regulationis
642 1969 874 2014 altissimo
894 1971 1004 2014 loco
1055 1969 1306 2026 exhibitis,
1350 1970 1592 2034 benignae

206 2049 529 2094 resolutiones
572 2049 738 2112 regiae
779 2049 1018 2106 finaliter,
1064 2049 1297 2095 decisivae
1341 2065 1593 2095 emanave-

206 2130 338 2186 rint,
394 2128 665 2189 iisdemque
703 2128 785 2172 tali
822 2136 963 2190 pacto
1002 2129 1049 2175 b.
1081 2130 1337 2175 urbm-ium
1360 2129 1412 2172 in
1448 2126 1594 2173 comi-

205 2209 387 2252 tatibus
436 2207 668 2253 altissimo
712 2208 910 2254 nomine
957 2210 1093 2272 regio
1136 2209 1471 2256 introductum
1517 2225 1593 2254 ex-

205 2290 376 2335 titerit.

671 2399 1117 2443 Annis.

216 2518 349 2560 HOO.
385 2528 428 2564 2.
465 2519 670 2572 ianuarii
701 2520 952 2570 Nitriensi.

216 2596 351 2653 1765.
381 2607 453 2643 δι.
499 2601 900 2647 oct.Szaladiensi.

218 2674 356 2719 1706.
393 2687 468 2723 21.
513 2680 623 2740 julii
677 2681 998 2729 Castriferrei.
1033 2709 1096 2718 --
1130 2688 1177 2733 4.
1221 2683 1324 2731 dec.
1359 2683 1591 2744 Baranya.

407 2765 452 2805 8.
491 2759 594 2804 dec.
622 2763 869 2810 Tolnensi.
