1669 3189
585 165 928 226 ww395uw

202 280 273 323 14.
309 274 569 319 Mensurae
591 273 878 329 aridorum,
913 279 960 318 et
994 270 1295 334 liquidorum
1321 288 1457 333 poso.

65 355 224 400 niensi
255 371 516 400 mensurae
543 334 996 400 accommodentuss

202 447 273 483 13.
311 436 631 481 subditorum
675 451 864 480 anseres
908 451 968 478 ne
1003 434 1357 498 deplumentur
1403 432 1464 478 ad

63 516 307 574 ¹rationem
337 516 561 561 dominii.

202 596 388 642 intuitu
408 598 568 639 locum
587 600 882 656 punctorum
902 594 1269 654 prohibitorum
1293 626 1306 649 ‚
1339 608 1463 655 quae

71 694 160 738 per
191 675 447 720 circularia
470 675 543 720 via
565 674 762 721 Consilii
778 674 901 736 regii
919 675 1360 720 locurntenentialis
1389 690 1470 718 ex-

67 756 231 818 pedita
266 755 509 810 intimata,
566 771 662 801 non
693 762 880 801 tantum
910 754 963 798 in
1003 754 1119 816 ipsis
1155 755 1468 817 generalibus

73 837 532 899 congregationibus
550 870 562 892 ‚
600 854 772 881 verum
792 838 842 881 in
868 837 1058 897 singulo
1086 836 1340 880 individuo
1361 837 1467 881 loco

70 919 398 980 publicanda,
447 933 500 961 ac
553 919 640 963 sub
677 919 956 964 authentica
986 917 1241 962 comitatus
1280 917 1474 979 expedi-

72 999 204 1046 tione
233 1000 280 1044 in
307 999 475 1062 lingua
499 1000 672 1061 cuique
692 1001 796 1044 loco
825 1016 975 1062 gnara
993 999 1289 1046 extradanda
1315 1000 1474 1060 dispo-

73 1081 349 1133 nebantur,
400 1097 461 1126 an
500 1087 547 1126 et
587 1080 798 1143 qualiter
823 1114 837 1137 ,
883 1099 935 1125 ac
968 1082 1159 1142 quando
1195 1081 1473 1126 subsecutus

71 1159 221 1204 fuerit
258 1160 403 1204 realis
430 1161 856 1222 praedesideratus
882 1161 1099 1215 effectus,
1137 1167 1184 1205 et
1207 1177 1328 1205 num
1355 1161 1481 1206 haec.

74 1239 308 1283 hactenus
337 1239 592 1284 observata
627 1241 901 1296 extiterint,
953 1239 1218 1302 diligenter
1262 1238 1482 1283 omnino,

74 1318 478 1381 investigabitur,
528 1327 574 1362 et
600 1335 690 1379 pro
717 1337 854 1374 casu,
893 1336 945 1363 ac
987 1325 1284 1380 praeattacta
1321 1317 1479 1378 dispo-

80 1399 189 1442 sitio
223 1397 475 1448 effectuata
510 1398 644 1441 haud
674 1398 939 1445 extitisset,
974 1397 1099 1440 haec
1128 1399 1308 1457 alisque
1338 1413 1479 1443 mora

75 1475 237 1521 debito
254 1475 442 1520 effectui
461 1477 780 1547 mancipanda
794 1476 1122 1521 infallibiliter
1146 1492 1330 1537 procur
1340 1482 1471 1535 etur-3

7 1611 16 1614 ᾖ
76 1573 268 1619 proque
292 1550 605 1619 procurando
638 1557 835 1603 certiori
874 1557 1016 1619 hujus
1057 1556 1381 1601 ordinationis
1412 1555 1481 1600 es-

77 1636 209 1682 fectu
239 1639 298 1683 ab
329 1639 683 1700 exequentibus
710 1638 1158 1701 magistratualihus
1185 1637 1243 1681 de
1271 1636 1482 1699 qualiter

80 1719 346 1779 compertis
391 1726 439 1763 et
475 1719 742 1764 effectuatis
790 1735 880 1780 per
920 1717 1265 1762 comissarium
1291 1717 1483 1779 regium

76 1799 362 1844 informatio
390 1801 642 1861 capiatur,
677 1808 974 1862 punctorum
1004 1799 1207 1844 illorum
1236 1799 1290 1843 in
1305 1798 1481 1860 linguis

79 1880 392 1942 germanica,
423 1882 719 1944 hungarica,
772 1882 946 1927 slavica
991 1867 1257 1944 et'illyrica
1290 1879 1485 1924 univer«

83 1960 146 2006 sis
175 1960 486 2006 comitatibus
518 1960 757 2022 impresse
797 1963 1200 2007 transmissorum
1239 1960 1485 2021 exempla-

84 2039 219 2084 ribus
267 2040 464 2084 Posonii
509 2040 789 2103 impressis,
842 2059 934 2104 pro
973 2059 1085 2087 casu
1116 2041 1394 2104 allegandae
1429 2039 1483 2082 in

85 2120 397 2167 comitatibus
430 2122 802 2169 insufficientiae
828 2141 853 2169 a
886 2124 1105 2170 Consilio
1134 2123 1271 2186 regio
1296 2122 1484 2165 locum.

86 2202 335 2246 tenentiali
371 2202 645 2266 hungarico
692 2220 803 2249 cum
838 2205 1095 2250 numerica
1124 2201 1483 2266 specificatione

82 2282 380 2343 expetendis.
439 2286 576 2330 Instr.
605 2302 726 2332 com.
756 2302 856 2348 reg.
893 2285 934 2345 §
975 2297 1017 2333 5.

224 2364 414 2424 Quanta
439 2364 491 2408 in
517 2366 941 2421 emolumentum,
978 2372 1024 2411 et
1053 2363 1280 2410 stabilem
1319 2362 1479 2408 subdis

90 2447 216 2492 telae
247 2445 573 2492 conditionem
602 2448 814 2510 provisio
847 2448 857 2492 !

219 2527 275 2571 In
296 2526 611 2574 instructione
641 2537 807 2574 autem
843 2528 1191 2591 exequentium
1223 2526 1484 2590 magistra-

91 2607 298 2653 tualium
335 2625 435 2671 cap.
476 2611 556 2654 IV.
592 2629 683 2673 pro
721 2612 1031 2673 procuranda
1065 2616 1363 2673 punctorum
1403 2611 1484 2654 hoa

92 2706 206 2737 rum
237 2691 578 2738 observatione
606 2695 725 2739 haec
758 2699 899 2738 sunt:

225 2774 655 2839 Quemadmodum
689 2773 1037 2837 praecedaneis
1066 2773 1167 2836 jam
1198 2772 1332 2821 annis
1363 2788 1487 2834 pum
