1669 3189
673 148 1018 190 wu52o-m·

172 267 416 309 Processus
451 261 591 305 isthic
634 255 841 310 revisus,
890 255 1055 299 medio
1087 256 1254 317 legalis
1287 257 1551 303 testimonii

172 343 307 388 veuit
343 343 402 387 ad
435 339 728 385 revisionem
767 335 959 381 sech-iae
989 336 1331 381 concernentis
1357 336 1556 381 comita-

175 431 275 479 tus,
331 421 502 464 abhinc
536 433 627 478 pro
650 415 839 461 ratione
875 423 923 460 et
948 416 1112 460 indole
1153 414 1345 476 objecti,
1360 420 1417 463 ad
1442 420 1562 463 Con·

172 502 335 547 silium
358 498 550 559 regium
576 495 1030 551 locumtenentiale,
1067 503 1113 540 et
1133 496 1171 540 si
1199 496 1458 555 necessitas
1483 499 1562 543 ad-

172 582 449 642 junctorum
473 577 662 639 exigat,
716 577 862 621 etiam
893 578 954 622 ad
984 577 1330 622 Cancellariam
1370 578 1560 641 regiam

174 658 440 721 hungarico
475 657 700 705 aulicam.
804 660 857 702 In
891 657 1214 703 instructione
1264 657 1563 703 comissario-

173 758 284 786 rum
323 738 576 801 regiorum
617 739 981 800 praescriptum
1021 746 1112 795 est,
1148 745 1203 784 ut
1230 737 1473 799 sequitur:
1508 737 1560 783 in

173 820 262 863 hac
291 826 453 864 autem
481 818 671 863 sedium
708 817 1057 871 domnedium,
1115 834 1262 878 quam
1300 826 1347 864 et
1385 818 1563 864 sedria-

179 915 291 943 rum
320 898 594 961 procedam
617 913 819 957 sequens
845 913 1024 941 norma
1048 899 1356 944 observetur:

309 997 360 1023 a.
400 980 455 1023 In
492 993 545 1021 re
581 974 818 1021 urbm-iali
848 992 946 1019 non
978 992 1080 1021 esse
1110 993 1230 1038 opus
1265 978 1424 1021 multo
1459 992 1569 1038 pro-

181 1076 342 1115 cessu,
379 1066 426 1103 et
458 1057 644 1111 verbis,
682 1071 802 1118 quae
831 1056 1084 1120 negotium
1113 1058 1270 1100 solum
1291 1057 1566 1113 obscurant,

183 1141 502 1202 protrahunt,
540 1145 587 1181 et
610 1136 939 1193 confundunt3
971 1137 1100 1181 unde

310 1221 354 1264 b,
388 1218 654 1271 Postulata,
719 1223 768 1260 et
805 1216 1146 1278 querimoniae
1180 1216 1232 1261 in
1275 1215 1571 1278 compendio

181 1299 480 1361 punctatim,
515 1297 750 1355 breviter,
799 1304 847 1342 et
874 1298 1001 1343 clare
1029 1305 1402 1361 proponantur,
1433 1305 1480 1343 et
1502 1315 1578 1344 ex-

180 1387 439 1440 ponantur.

311 1476 351 1504 c.
388 1461 514 1504 Haec
560 1475 646 1505 sua
675 1462 797 1506 serie
837 1462 1101 1507 secundum
1129 1473 1358 1505 numeros
1386 1473 1568 1503 assum-

179 1548 407 1595 mantur,
454 1547 500 1584 et
540 1541 600 1584 ad
626 1541 872 1602 singulum
910 1542 1045 1586 sedes
1073 1540 1329 1584 dominalis
1364 1538 1570 1584 decidat.

309 1621 354 1664 cl.
396 1619 541 1663 Sedes
564 1619 853 1680 judiciaria,
888 1636 970 1665 seu
996 1620 1269 1681 appelletur
1288 1635 1445 1674 causa,
1483 1635 1572 1664 seu

182 1717 310 1755 non,
359 1700 565 1743 eandem
606 1698 851 1754 revideat,
909 1705 957 1742 et
982 1699 1157 1742 itidem
1187 1698 1460 1758 punctatim
1494 1699 1573 1743 de-

184 1780 336 1834 cidat,
388 1779 453 1822 ita
492 1786 542 1822 ut
579 1779 615 1822 si
647 1780 789 1839 plura
819 1785 1002 1839 puncta
1038 1776 1307 1839 approbet,
1355 1784 1405 1822 et
1432 1794 1572 1839 quae-

184 1858 296 1902 dam
322 1859 518 1913 alteret,
555 1859 671 1902 haec
711 1857 761 1901 in
794 1857 1021 1918 specifico
1053 1857 1309 1914 decidere,
1378 1858 1569 1920 reliqua

183 1954 328 1994 vero,
378 1954 497 1998 quae
526 1939 788 1998 approbat,
834 1937 1051 2000 generali
1073 1939 1420 1999 approbatoria
1446 1940 1572 1985 clau-

182 2019 285 2062 su'za
341 2033 451 2062 cum
492 2017 683 2080 adjecta
725 2019 916 2064 ratione
972 2018 1263 2081 compendio
1309 2021 1570 2083 complecti

182 2098 344 2159 possit.
1420 2142 1437 2149 ρ

312 2194 353 2222 e.
391 2176 661 2234 Processui,
709 2179 748 2223 si
795 2195 915 2241 quae
947 2186 1077 2236 acta,
1129 2185 1175 2224 et
1211 2178 1455 2241 producta
1485 2179 1566 2223 ad-

185 2259 417 2303 nectenda
453 2264 596 2313 sunt,
643 2258 725 2302 illa
753 2259 916 2304 debita
940 2275 1053 2304 cum
1072 2254 1414 2321 provocatione
1449 2258 1572 2305 etin

184 2339 406 2401 margine
440 2355 723 2400 processus,
770 2341 1004 2403 expressis
1036 2339 1279 2402 requisitis
1325 2340 1450 2387 notis
1494 2343 1573 2387 ad-

187 2426 458 2465 nectantur.

301 2496 357 2556 fi
394 2500 675 2545 processum
713 2499 973 2545 celeritatis
1018 2517 1161 2546 causa
1196 2501 1247 2545 in
1275 2499 1383 2563 ipso
1419 2502 1571 2549 etiam

188 2577 337 2621 crudo
365 2581 682 2626 maculatorio
709 2582 1000 2626 submittere
1032 2582 1182 2644 possit
1214 2583 1491 2631 comitatus,

317 2676 368 2718 g.
408 2660 667 2707 Occasione
714 2662 969 2708 revisionis
1011 2667 1328 2725 processuum
1370 2665 1419 2710 in
1463 2664 1569 2725 ipsa

187 2738 347 2786 sedria
377 2738 541 2784 infelix
591 2761 688 2787 sors
720 2743 1048 2801 miserorum,
1098 2752 1147 2790 et
1187 2752 1339 2791 totum
1373 2761 1463 2806 pro
1492 2745 1572 2790 de-
