1669 3189
713 204 781 215 ων
837 180 926 222 530
983 204 1053 214 ...-

191 298 357 354 tegi-ae
392 288 622 334 sessiones
646 281 932 327 colonicales
956 299 1081 328 anno
1121 286 1259 332 1816.
1288 291 1588 331 &content-z«

190 371 314 416 tioni
344 368 644 414 creditorum
672 363 828 408 honae
855 363 1002 420 fidei,
1038 363 1284 409 mediante
1315 364 1584 411 licitatione

191 449 388 512 publica
424 446 720 499 substratae,
777 450 824 487 et
852 459 944 505 per
984 443 1262 488 dominium
1300 447 1584 490 terrestrale

189 531 369 574 virtute
397 523 487 569 sihi
511 523 838 586 competentis
869 523 1165 585 prioritatis,
1206 524 1454 586 depuratis
1477 543 1591 571 onc-

190 610 325 654 ribus
370 605 433 648 ad.
485 621 533 649 se
562 611 864 666 pertractae,
918 603 1249 649 communitas
1282 621 1377 667 pro
1405 605 1592 650 henefi-

192 688 277 733 ciis
314 685 406 730 sibi
457 684 860 730 contractualiter
904 700 997 746 per
1039 685 1321 729 dominium
1368 685 1592 742 addictis,

192 783 345 813 onera
391 763 595 827 publica
643 766 727 810 has
780 765 1019 810 sessiones
1051 765 1394 828 respicientia,
1449 768 1501 811 in
1541 782 1592 811 se

192 845 433 893 assumsit.
494 872 559 878 —-
620 845 936 906 Aequivalens
998 861 1209 888 onerum
1253 846 1588 907 publicorum,

193 926 337 972 unius
370 923 595 969 sessionis
626 922 940 978 colonicalis,
976 930 1075 967 tres
1109 940 1256 969 annos
1291 935 1429 973 1811.
1462 934 1590 974 1812*

193 1015 240 1051 et
277 1015 413 1054 1315.
463 1001 782 1057 calculando,
827 1002 880 1045 in
922 1002 1166 1047 diametro
1195 1022 1288 1065 pro
1332 1023 1431 1050 uno
1463 1020 1592 1050 anno

195 1084 445 1131 constituit
496 1094 585 1130 20¹1
619 1083 664 1128 fl.
709 1094 769 1131 50
807 1084 883 1132 kr.
933 1099 988 1128 ea
1026 1090 1190 1128 tamen
1233 1085 1287 1128 in
1338 1093 1592 1131 contractu

196 1182 422 1228 expressa
454 1164 601 1226 legali
645 1162 956 1218 conditione,
1022 1163 1154 1225 quod
1183 1163 1466 1209 dominium
1513 1168 1595 1211 has

199 1245 431 1292 sessiones
456 1260 707 1305 nunquam
732 1242 1012 1287 curialisare
1036 1243 1184 1304 possit
1211 1276 1225 1299 ,
1256 1244 1342 1288 sed
1387 1245 1594 1291 evolutis

196 1322 607 1370 contractualibus
639 1322 776 1366 annis
809 1321 1121 1384 impopulare
1155 1323 1347 1369 debeat.

323 1417 369 1454 5.
405 1404 646 1465 Exempla
676 1405 870 1458 adesse,
911 1418 1124 1465 quorum
1158 1405 1233 1449 vel
1267 1406 1368 1450 sola
1401 1407 1590 1451 mentio

193 1487 487 1549 dignitatem
517 1484 666 1528 officii
698 1484 915 1539 roborat,
940 1484 1024 1528 ubi
1041 1484 1266 1545 publicus
1291 1484 1597 1546 jurisdictio-

193 1584 319 1611 num
350 1565 670 1627 magistratus
708 1562 1066 1607 conservationi
1093 1563 1251 1623 plebis
1286 1565 1600 1610 contribuen-

193 1646 286 1702 tis,
322 1660 414 1706 pro
463 1641 618 1687 nobili
671 1641 834 1686 officio
882 1658 966 1686 suo
1009 1642 1257 1699 intentus,
1308 1643 1444 1687 omni
1476 1661 1599 1691 ¹cum

195 1723 480 1788 vigilantia,
535 1723 738 1767 remotis
781 1723 962 1766 cunctis
1008 1724 1330 1783 respectibus,
1368 1724 1599 1769 effectum

204 1804 558 1849 altissimarum
588 1801 966 1863 dispositionum
1002 1800 1211 1846 sollicite
1240 1810 1497 1864 procurat,
1529 1810 1594 1847 at-

201 1902 294 1948 que
326 1885 387 1929 ad
414 1882 786 1943 reprimendam
821 1897 1021 1926 omnem
1042 1913 1055 1937 ,
1092 1898 1214 1944 quae
1240 1882 1291 1927 in
1336 1883 1597 1928 urbm-ium

198 1964 474 2026 impingit,
509 1962 788 2017 licentiam,
824 1963 1368 2024 manutenendumque,
1406 1962 1489 2024 qui
1516 1945 1598 2007 de-

201 2047 324 2091 fixus
352 2051 453 2100 est,
490 2042 765 2104 systematis
788 2040 1050 2086 urbarialis
1083 2042 1331 2100 ordinem,
1363 2042 1600 2105 provisio-

198 2143 317 2171 nem
356 2128 401 2171 b.
423 2123 611 2170 urbarii
634 2157 648 2180 ,
710 2123 958 2186 signanter
985 2123 1121 2168 instr.
1150 2140 1284 2185 exeq.
1328 2140 1458 2186 mag.
1496 2141 1600 2185 cap.

199 2208 255 2252 V.
284 2213 320 2259 §.
358 2218 427 2254 17.
460 2211 508 2249 et
543 2215 617 2252 50.
645 2204 716 2248 ad
741 2203 838 2248 sin
864 2220 986 2260 em,
1038 2210 1203 2248 erecta
1245 2203 1394 2247 etiam
1433 2209 1601 2248 contra

199 2286 488 2331 excedentes
521 2284 708 2330 actione
746 2285 900 2329 fiscali
933 2285 1195 2348 insigniter
1225 2282 1506 2346 exequitur.

330 2366 384 2410 In
432 2365 614 2410 horum
662 2381 979 2411 communem
1027 2364 1435 2411 sustentationem
1496 2364 1596 2410 duo

205 2445 362 2490 adhuc
393 2446 626 2491 videntur
659 2447 961 2505 necessaria3

333 2545 380 2571 α.
424 2528 600 2571 Exacta
625 2526 1000 2590 obligationum,
1036 2541 1160 2588 quae
1185 2542 1244 2571 ex
1275 2525 1433 2583 datiis,
1461 2541 1599 2588 prae-

205 2606 491 2653 stationibus
514 2641 528 2665 ,
563 2615 610 2653 et
653 2607 968 2654 servitutibus
1011 2607 1341 2653 urbaria-libus
1378 2611 1597 2669 surgunt,

199 2685 404 2742 notitia,
474 2695 521 2731 et
555 2688 939 2734 correlationum
978 2687 1107 2734 inter
1149 2688 1406 2734 dominum
1443 2693 1598 2730 terre·

201 2770 379 2823 strem,
429 2773 478 2812 et
503 2767 606 2828 ejus
649 2768 850 2815 colonos
894 2775 1070 2814 mutuo
1111 2768 1478 2814 subsistentium
1511 2765 1605 2814 sus-
