1669 3189
605 240 675 253 m
738 223 950 264 355...Μ

81 324 503 393 glandinationem
528 328 903 389 praeferenter,
940 347 997 377 eo
1028 337 1226 389 tamen,
1267 351 1362 397 quo
1397 352 1471 383 ex.

81 409 257 456 traneis
298 409 463 471 pretio
511 411 761 466 admittet,
811 411 1249 474 salva'ceteroquin
1286 422 1383 460 tam
1420 419 1471 464 in

76 488 181 545 his,
234 507 379 552 quam
415 499 460 535 et
505 491 609 535 aliis
646 490 788 550 sylvis
825 493 1273 554 superinspectione
1314 513 1467 558 penes

18 572 20 580 ‘
78 570 234 615 solum
265 571 537 615 dominium
570 577 815 615 manente.

508 699 889 745 PUNCTUM
936 702 1020 746 ΙΙΙ.

145 793 231 838 De
290 795 561 840 robottis
629 802 691 838 et
728 795 1176 841 servitutibus
1233 800 1390 847 colo.

649 893 810 922 nOl'U
831 894 895 923 In.

198 984 236 1044 ᾗ.
269 997 307 1030 1.
358 983 577 1047 Quilibet
616 984 837 1048 integrae
887 986 1106 1030 sessionis
1150 989 1344 1034 colonus
1381 991 1460 1035 do-

61 1063 196 1110 mino
226 1083 310 1109 suo
338 1068 561 1110 ‘terrestri
596 1065 784 1128 singula
813 1068 1120 1112 hebdomada
1159 1085 1253 1113 una
1293 1070 1370 1113 die
1401 1070 1460 1112 ab

62 1153 172 1190 ortu
198 1145 307 1190 solis
336 1163 486 1207 usque
517 1147 576 1190 ad
607 1164 830 1191 occasum
853 1148 1094 1209 imputato
1120 1148 1218 1205 itu,
1263 1157 1307 1194 et
1334 1151 1459 1194 redi-

60 1235 129 1282 tu,
165 1227 299 1270 horis
322 1233 575 1286 praeterea
592 1227 933 1285 palmlationis,
968 1235 1013 1270 et
1033 1228 1364 1288 adaquationis
1384 1246 1460 1273 ex-

69 1305 240 1366 ceptis,
280 1322 412 1348 cum
445 1305 685 1348 duobus
714 1303 925 1362 jumen
947 1304 992 1346 ti
1014 1313 1225 1349 setsuo
1254 1324 1459 1365 curru,

56 1387 120 1430 in
146 1386 279 1446 ipsa
306 1392 513 1427 tamen
539 1391 792 1426 aratura
818 1392 1089 1444 quatuor
1114 1385 1127 1444 j
1149 1390 1449 1445 umentis,

55 1481 162 1510 suo
201 1469 414 1508 aratro
451 1468 550 1504 aut
586 1478 730 1505 occa
766 1463 990 1507 laborare
1046 1470 1296 1519 teneatur,
1366 1484 1449 1511 ne-

59 1562 147 1607 que
174 1550 336 1588 tamen
358 1549 703 1605 praenotatum
732 1543 970 1606 jugalium
996 1559 1260 1586 numerum
1289 1543 1453 1606 bipar-

55 1625 165 1681 tiri,
202 1631 249 1668 et
277 1625 334 1669 ad
360 1624 681 1685 repetendum
712 1624 800 1669 hae
824 1623 1012 1667 ratione
1039 1623 1188 1668 biduo
1222 1624 1445 1669 laborem

52 1706 279 1750 colonum
307 1721 479 1767 cogere
503 1704 641 1760 licet,
689 1705 783 1749 nisi
813 1703 1135 1768 negligentia,
1190 1704 1264 1747 vel
1299 1706 1443 1766 culpa

51 1803 133 1831 sua
178 1787 239 1830 ad
282 1784 669 1830 defraudandum
712 1786 967 1830 dominum
1006 1790 1295 1828 terrestrem
1331 1803 1445 1846 pau.

51 1865 185 1910 ciora
213 1864 394 1927 jugalia
425 1873 612 1922 servet,
671 1867 744 1911 ve]
785 1865 976 1911 minore
1012 1879 1249 1926 pecorum
1275 1883 1443 1911 nume-

48 1961 104 1990 ro
143 1945 199 1991 ad
238 1947 480 1990 robottam
506 1955 818 2007 compareat,
855 1947 1090 2008 alterique
1119 1960 1267 2007 pecus
1296 1961 1440 1988 suum

47 2044 106 2071 ex
132 2024 363 2087 culpabili
392 2042 626 2087 pecorum
654 2027 846 2072 defectu
879 2025 1167 2088 conjungat,
1204 2041 1355 2086 porro
1388 2024 1440 2068 in

45 2106 205 2151 vicem
250 2112 660 2179 praeattactorum
696 2105 936 2169 jugalium
971 2107 1196 2151 laborum
1235 2105 1437 2149 domino

42 2188 264 2232 terrestri
294 2186 480 2250 singula
508 2187 814 2232 hebdomada
839 2190 1035 2234 colonus
1064 2188 1292 2231 duntaxat
1319 2185 1435 2228 duo-

39 2283 154 2312 rum
182 2265 374 2312 dierum
397 2269 642 2312 manuales
664 2269 854 2312 labores
880 2274 1128 2330 praestare
1165 2263 1432 2324 obligetur,

41 2354 182 2407 atque
220 2346 288 2390 ita
324 2361 350 2388 a
391 2347 711 2408 proportione
754 2348 946 2392 mediae
969 2380 982 2403 ,
1032 2343 1291 2407 quartaliS,
1350 2350 1434 2387 aut

40 2425 268 2471 octavalis
303 2428 524 2472 sessionis
562 2429 756 2472 colonus
782 2428 975 2478 serviet,

173 2504 211 2564 §.
236 2519 280 2554 2.
317 2506 362 2551 Si
406 2508 463 2552 de
499 2507 826 2569 imputatione
861 2507 1098 2568 temporis
1135 2506 1186 2551 in
1214 2509 1339 2558 itum
1383 2522 1431 2560 et

36 2584 253 2630 reditum
280 2586 408 2631 inter
436 2589 690 2656 dominum
727 2595 1041 2643 terrestrem,
1098 2595 1146 2632 et
1176 2593 1428 2641 subditum

40 2673 209 2710 exorta
248 2666 398 2711 suerit
439 2669 682 2728 quaestio,
738 2669 862 2712 hanc
890 2668 1196 2731 magistratus
1231 2675 1429 2720 comita-

34 2751 110 2790 tus
151 2746 367 2804 decidat,
417 2755 653 2810 quantum
688 2747 917 2794 videlicet
951 2747 1190 2810 temporis
1230 2756 1425 2801 rohotta

1062 2831 1101 2874 Z
1134 2843 1164 2878 2
