1669 3189
706 166 1048 207 m-512-w·

201 284 334 329 sione
370 279 625 344 querulans
669 280 921 318 contentus
965 290 1061 317 non
1097 273 1180 330 sit,
1247 275 1586 337 magistratua.

198 364 296 408 lem
336 373 598 424 personam
639 354 757 398 huic
798 360 1056 414 receptum
1093 353 1308 416 decisum
1349 357 1586 401 exhlbitu-

198 460 279 487 rus
320 439 539 491 accedet,
599 451 721 497 quae
760 434 869 480 dein
909 450 1018 477 rem
1060 433 1310 477 comitatui
1344 435 1493 497 finem
1534 434 1586 480 in

197 524 337 568 illum
364 515 673 562 referendam
700 515 878 571 habet,
925 521 979 558 ut
1016 513 1192 559 abinde
1228 516 1479 577 negotium
1508 533 1588 577 pe-

199 619 282 647 nes
327 598 545 653 fiscalem
588 596 910 641 assistentiam
951 596 1002 640 in
1050 596 1166 640 sede
1216 594 1449 640 dominali
1500 610 1586 639 suo

199 678 370 725 ordine
393 676 798 740 pertractandum
826 675 1006 720 inviari
1039 675 1206 737 possit.
1285 675 1420 720 Felix
1454 674 1589 719 insti-

197 758 399 804 tutionis
426 756 687 802 urbarialis
722 757 1013 800 resultatum
1038 755 1187 811 illud,
1232 755 1360 816 quod
1385 753 1588 812 stabilis,

200 846 426 900 certaque
466 839 595 883 inter
646 835 904 881 dominum
950 842 1237 880 terrestrem
1278 842 1325 879 et
1372 835 1591 880 eiusdem

200 918 477 973 subditum,
548 917 720 960 obtutu
764 917 1072 960 tractamenti
1117 915 1357 977 qualitatis
1414 929 1592 959 norma

201 998 386 1053 defixa,
427 1004 527 1040 tam
551 996 660 1057 lege
687 1009 835 1056 quam
865 1000 912 1038 et
939 993 1324 1039 resolutionibus
1340 994 1490 1057 regiis
1519 1009 1594 1038 ro-

204 1077 409 1134 borata,
471 1083 519 1119 et
555 1074 733 1119 sancita
771 1072 857 1128 sit,
905 1073 1029 1117 nulli
1063 1072 1271 1134 amplius
1303 1074 1592 1130 arbitrariae

203 1157 378 1220 agendi
403 1155 579 1200 rationi
606 1157 767 1199 locum
794 1152 1038 1214 relinquit.
1105 1153 1258 1196 Tutus
1286 1159 1356 1198 est
1380 1154 1510 1198 omni
1537 1170 1595 1202 ex

202 1244 342 1299 parte
371 1235 679 1279 contribuens
698 1266 711 1290 ,
757 1233 1007 1294 defixaque
1036 1231 1445 1279 administrandae
1472 1234 1597 1278 colo-

199 1317 271 1361 nis
299 1314 514 1377 justitiae
541 1314 746 1375 regula,
799 1311 936 1357 cuius
967 1328 1112 1372 scopo
1150 1328 1318 1358 omnes
1358 1315 1403 1359 b.
1443 1314 1598 1376 disp‘o-

204 1397 398 1442 sitiones
425 1394 589 1455 regiae
614 1391 934 1436 subserviunt.
1003 1391 1175 1436 Fiscali
1199 1391 1460 1437 assistentia
1487 1407 1598 1455 pro-

208 1484 261 1522 ut
288 1476 337 1520 in
373 1474 560 1527 activis,
604 1473 671 1516 ita
700 1472 846 1516 etiam
870 1471 1068 1533 passivis
1111 1471 1205 1516 suis
1245 1473 1397 1516 causis
1436 1470 1597 1516 coloni

203 1571 400 1616 semper
428 1552 722 1614 providendi
750 1558 885 1606 sunt,
922 1557 972 1594 ut
995 1568 1049 1595 ex
1079 1558 1215 1611 parte
1247 1566 1437 1606 eorum,
1475 1568 1596 1612 quae

205 1637 266 1682 ad
293 1651 399 1679 rem
429 1630 704 1694 pertinent,
755 1631 890 1675 omni
927 1647 1038 1675 cum
1070 1630 1387 1675 fundamento
1415 1632 1463 1676 in
1489 1650 1599 1693 pro-

207 1732 393 1762 cessum
424 1713 577 1758 inseri
609 1713 813 1756 valeant.
883 1713 989 1756 Jam
1019 1727 1144 1755 anno
1184 1718 1330 1759 140&
1353 1714 1483 1757 decr.
1514 1711 1599 1763 111.

208 1804 299 1843 art.
329 1806 401 1841 10.
439 1793 491 1837 in
532 1790 741 1836 comitiis
773 1791 912 1853 regni
944 1790 1183 1835 sancitum
1207 1798 1306 1846 est,
1342 1799 1394 1837 ut
1417 1784 1597 1837 coloni-s

207 1876 439 1937 justitiam
469 1872 807 1917 administrent
841 1872 892 1915 in
935 1871 1100 1932 prima
1142 1873 1369 1918 instantia
1406 1859 1597 1917 domini

208 1965 483 2007 terrestres,
526 1953 576 1997 in
601 1968 782 2007 casum,
827 1968 923 2014 quo
950 1952 1104 1998 iidem
1131 1953 1319 1999 domini
1345 1960 1498 2000 semet
1518 1968 1601 1998 ne-

210 2039 466 2103 gligentes,
487 2041 565 2079 aut
581 2049 801 2078 morosos
831 2033 1138 2091 exhiberent,
1166 2041 1329 2080 attunc
1352 2034 1601 2097 magistra-

210 2119 365 2162 tuales
395 2116 454 2159 ad
487 2115 539 2158 id
571 2114 847 2176 obligentur
881 2115 967 2158 sub
994 2112 1254 2159 amissione
1281 2114 1482 2158 honoris
1505 2114 1598 2170 sui,

211 2205 261 2242 ct
290 2191 626 2257 indignatione
652 2193 801 2255 regia.
836 2217 901 2223 ——
927 2196 1021 2237 Art.
1050 2203 1152 2239 101.
1186 2203 1322 2240 1715.
1352 2198 1602 2237 manuten-

213 2277 345 2321 tione
395 2275 605 2319 miserae
648 2272 803 2335 plebis
850 2272 910 2316 ad
947 2272 1336 2334 praecavendam
1378 2272 1600 2334 ejusdem

215 2355 606 2417 oppressionem,
634 2352 994 2416 magistratibus
1017 2354 1267 2398 comitatus
1284 2354 1600 2400 incumbente

218 2435 352 2484 (vide
407 2442 494 2481 art.
543 2444 614 2483 18.
656 2441 819 2484 1723.)
855 2434 1096 2495 quomodo
1124 2440 1284 2479 autem
1323 2442 1372 2479 et
1399 2451 1491 2497 qua
1524 2435 1603 2481 via'

218 2514 450 2559 autoritas
467 2516 551 2560 illa
576 2513 950 2579 magistratualis
980 2515 1208 2561 adversus
1229 2516 1385 2578 plebis
1405 2531 1603 2578 oppres-

218 2608 349 2636 sores
377 2597 646 2650 exercenda
668 2595 755 2652 sit,
814 2596 1042 2641 articulus
1069 2607 1143 2644 55.
1184 2608 1321 2653 1729.
1344 2597 1600 2660 perbihet3

215 2688 394 2734 ¹nempe
444 2689 656 2719 causas
706 2672 1013 2720 adversus
1070 2675 1352 2723 dominos
1403 2683 1461 2722 te
1482 2693 1602 2724 rre-
