1669 3189
697 194 766 205 Μ
821 171 907 225 ‚395
967 189 1036 199 m.
1473 155 1491 201 t

181 291 371 328 cim-um
394 281 752 344 prohibitorum
782 277 834 320 in
867 273 1178 337 quadruplici
1207 274 1373 346 lingua
1408 271 1564 316 circu.

181 365 295 408 laris
323 364 500 424 ubique
528 357 819 421 publicatio,
870 372 923 400 ac
961 354 1260 400 exactissima
1293 350 1568 397 observatio

181 443 227 488 b.
264 443 460 501 jubente
509 453 592 481 sua
636 435 890 496 Majestate
933 431 1256 477 sacratissima
1291 449 1380 493 per
1408 430 1570 476 Consi-

181 523 305 567 lium
346 518 535 579 regium
580 513 1006 559 locumtenentiale
1047 510 1288 556 universis
1330 509 1570 554 comitati-

181 604 267 646 bus
297 598 637 650 intimabatur,
675 595 1137 656 disponebaturque,
1175 597 1226 634 ut
1249 596 1429 650 puncta
1449 589 1570 632 haec

180 678 551 742 prohibitorum
590 675 780 736 singulo
807 675 912 718 loco
944 675 993 718 in
1035 672 1144 727 illa,
1196 686 1288 731 qua
1315 668 1451 713 idem
1483 667 1573 711 uti-

186 768 268 803 tur
297 758 493 820 lingua,
529 758 617 801 sub
643 753 924 800 authentico
953 754 1212 798 comitatus
1240 749 1394 812 sigillo
1415 754 1464 792 et
1497 764 1574 792 ex-

179 839 369 881 tradam
397 836 625 880 notariali
655 836 1000 888 extradentur,
1046 839 1091 877 et
1119 830 1482 892 consignentur,
1509 827 1574 872 vi-

185 917 488 981 gilantiaque
522 915 704 959 horum
740 907 1092 958 observationis
1129 908 1571 972 magistratualibus

192 986 588 1041 comitatensibus
616 994 992 1048 confluebatur,
1015 993 1241 1052 huncque
1268 990 1318 1033 in
1340 989 1491 1032 finem
1504 1004 1575 1032 re-

182 1076 362 1138 quisita
393 1076 539 1120 etiam
570 1073 841 1118 consimilia
863 1071 1163 1132 exemplaria
1188 1068 1576 1114 transmitteban-

1668 893 1669 896 „
1655 858 1669 875 -.
1648 702 1669 846 „ao-s
1642 547 1669 695 mxx-:4:³³5
1649 519 1669 538 3„
1623 87 1669 514 -:.<⁶Qss*»z⁴ffl-ie·÷
1642 68 1664 81 ἐ
1638 0 1669 63 4:⁴2!

180 1164 288 1210 tur,
323 1156 389 1199 ita
412 1156 564 1200 iidem
591 1160 881 1214 exequentes
915 1150 1300 1212 magistratuales
1330 1148 1417 1191 fini
1445 1163 1577 1191 man-
1622 1166 1625 1168 >

181 1235 339 1294 cipata
379 1235 431 1277 in
464 1231 810 1293 praedeductis
839 1230 1032 1291 punctis
1086 1235 1428 1273 contentorum
1466 1241 1579 1288 ope-

181 1313 368 1357 ratione
394 1312 445 1356 in
485 1311 677 1373 singulo
702 1312 809 1356 loco
840 1309 1161 1370 investigent,
1212 1324 1331 1352 num
1361 1313 1407 1351 et
1435 1321 1580 1367 quan-

180 1394 242 1437 do
266 1392 508 1453 suprafata
526 1396 710 1453 puncta
729 1388 776 1431 in
796 1388 972 1433 eodem
993 1389 1097 1431 loco
1117 1384 1377 1447 publicata,
1399 1385 1579 1429 eidem-

181 1490 273 1534 que
301 1471 539 1515 extradita
571 1467 797 1513 suerint?
842 1466 1080 1510 extradita
1112 1482 1227 1510 vero
1274 1464 1365 1509 sibi
1396 1465 1577 1526 produ-

183 1551 225 1593 ci
258 1557 460 1605 curent,
507 1550 726 1610 haecque
769 1548 934 1590 ‹lenuo
976 1562 1141 1589 coram
1182 1545 1383 1590 insimul
1411 1563 1578 1591 convo-

182 1629 299 1673 catis
343 1630 435 1673 loci
486 1629 614 1674 illius
664 1629 862 1672 subdit-is
891 1628 1062 1672 incolis
1092 1628 1324 1689 publice,
1373 1643 1426 1672 ac
1451 1644 1575 1688 pun-

186 1710 354 1756 ctatim
388 1711 673 1773 perlegant,
730 1710 1030 1771 eosdemque
1078 1709 1410 1771 interrogent,
1456 1724 1577 1752 num

183 1795 236 1839 in
269 1793 495 1856 quopiam
527 1800 704 1853 puncto
734 1808 981 1836 excessum
1026 1789 1177 1834 fuerit
1199 1790 1224 1834 ⁴?
1268 1796 1317 1833 et
1359 1789 1397 1833 si
1437 1805 1578 1851 quae-

181 1876 318 1937 piam
344 1874 600 1917 evenirent
631 1871 981 1934 querimoniae,
1008 1878 1183 1915 extunc
1223 1871 1307 1916 has
1335 1870 1420 1915 suh
1453 1869 1580 1930 jura-

183 1963 233 1999 ·la
263 1954 598 2015 fidedignitate
639 1968 724 1997 sua
755 1951 972 2013 genuine
1001 1967 1053 1995 ac
1082 1949 1297 1994 fideliter
1329 1951 1577 2006 adnotare,

181 2036 500 2095 desuperque
538 2034 791 2078 dominum
822 2038 1115 2076 terrestrem
1147 2031 1221 2075 vel
1262 2028 1363 2089 ejus
1401 2029 1578 2074 officia-

181 2116 254 2159 les
295 2115 503 2166 audire,
569 2119 615 2156 et
655 2112 926 2173 respective
968 2110 1306 2166 confrontare,
1357 2110 1576 2155 realiter-

183 2212 276 2256 que
311 2200 679 2255 compertorum
705 2209 992 2238 excessuum
1015 2191 1285 2236 effectivam
1302 2191 1577 2252 complana-

185 2276 406 2330 tionem,
462 2274 514 2319 in
556 2281 790 2335 quantum
822 2273 931 2318 fieri
973 2272 1217 2334 potuerit,
1274 2271 1327 2317 in
1374 2272 1576 2318 instanti

186 2372 488 2418 procurare,
527 2370 579 2397 ac
615 2371 700 2399 seu
748 2355 1089 2415 complanatae
1138 2351 1192 2395 in
1235 2351 1437 2398 instanti
1478 2352 1576 2397 fue-

181 2436 311 2490 rint,
361 2452 445 2490 seu
498 2452 615 2492 non,
684 2435 893 2496 desuper
951 2434 1230 2479 comissario
1289 2433 1428 2496 regio
1475 2447 1576 2478 me-

184 2514 269 2558 dio
296 2514 598 2559 vicecomitis
640 2515 790 2559 talem
824 2513 1118 2577 genuinam,
1165 2520 1213 2558 et
1258 2514 1575 2558 circumstan-

186 2595 353 2639 tialem
378 2596 669 2641 relationem
699 2596 856 2641 facere
883 2596 1178 2657 obligantur,
1208 2600 1262 2638 ut
1285 2611 1343 2637 ex
1363 2593 1454 2637 hac
1471 2609 1573 2637 non

186 2677 344 2721 solum
384 2693 549 2721 omncs
588 2675 671 2737 qui
715 2676 1126 2730 intercesserunt,
1194 2689 1432 2726 excessus,
1487 2671 1574 2716 sed.

183 2758 332 2805 etiam
360 2774 451 2817 an,
486 2764 532 2803 et
562 2756 769 2819 qualiter
800 2757 1096 2820 complanati
1132 2752 1346 2803 fuerint?
1399 2750 1572 2799 diluci-

1647 1294 1669 1338 ἴα,

1643 1344 1662 1378 *J

1639 1841 1660 1867 Ι

1650 1907 1663 1938 l,
