1669 3189
726 175 793 188 νε*
853 154 934 196 612
995 173 1064 189 we»

194 267 339 327 plane
360 264 655 326 possessione
670 260 809 305 locali
829 262 1020 306 notario
1035 261 1232 322 provisa
1258 263 1506 318 existente,
1545 260 1585 307 si

194 345 359 391 miseri
395 342 755 388 contribuentes
796 342 868 385 vel
894 342 1079 403 aliquid
1105 342 1195 387 sibi
1234 345 1421 405 perlegi
1450 359 1584 388 cura-

192 441 274 480 re,
326 426 399 468 vel
435 421 639 482 injurias
677 429 723 465 et
761 421 1050 466 afflictiones
1093 439 1197 467 suas
1241 423 1470 485 detegere
1505 441 1581 469 vo-

191 505 326 556 lunt,
386 501 614 544 homines
646 502 865 545 literatos
891 501 1327 563 instantiarnmque
1357 502 1588 548 consecto·
1648 496 1656 560 ἰ

192 594 268 621 res
306 576 356 621 in
380 580 709 625 remotissima
741 581 965 625 distantia
1004 597 1179 643 magno
1215 583 1448 645 temporis
1474 599 1586 627 cum
1655 564 1660 571 ¹

191 659 449 722 dispendio
488 668 805 723 quaererent,
853 670 899 705 et
932 662 1112 706 horum
1146 679 1349 723 operam
1393 680 1591 726 exagge-

192 747 299 785 rato
334 757 532 803 prorsus
564 743 721 804 pretio
763 743 950 787 solvere
983 742 1222 796 debeant,
1271 743 1382 787 dein
1426 749 1589 788 autem

191 820 442 864 instantias
472 836 576 866 suas
602 821 798 882 publico
834 823 1114 866 exhibentes
1152 822 1434 866 iemedium
1459 820 1584 881 inju-

188 900 376 944 riarum
411 915 608 943 suarum
636 899 715 943 vix
742 899 1015 961 aliquando,
1055 908 1134 944 aut
1163 901 1305 962 plane
1335 916 1588 964 nunquam

188 996 372 1042 exope1
377 994 448 1022 ari
474 979 676 1039 possint.

318 1057 751 1121 Quemadmodum
778 1056 989 1120 proinde
1018 1058 1292 1119 optandum
1311 1074 1419 1102 sane
1446 1065 1585 1114 esset,

187 1155 240 1182 ac
260 1137 364 1199 ipsa
400 1138 526 1181 ratio
567 1137 942 1183 conservationis
981 1137 1190 1187 miserae
1226 1137 1584 1183 contribuentis

185 1219 342 1280 plebis
368 1224 676 1280 exposceret,
723 1225 776 1262 ut
796 1218 855 1262 ad
877 1217 1037 1262 minus
1066 1219 1234 1279 plures
1257 1217 1457 1262 insimul
1479 1234 1589 1279 pos-

189 1299 418 1344 sessiones
453 1315 550 1342 uno
588 1297 733 1342 locali
766 1298 960 1343 notario
995 1297 1407 1359 providerentur,
1456 1298 1588 1359 cujus

186 1395 336 1440 opera
372 1386 478 1423 tum
513 1379 564 1423 in
599 1395 656 1422 re
689 1377 1091 1435 contributionis,
1159 1395 1270 1424 cum
1308 1379 1455 1423 etiam
1490 1368 1590 1423 nio-

182 1457 362 1503 dernae
401 1457 662 1504 urbarialis
686 1457 1033 1521 regulationis,
1084 1459 1288 1520 aliisque
1328 1458 1583 1502 literatum

182 1538 438 1583 hominem
482 1538 842 1599 requirentibus
880 1537 1087 1598 negotiis
1123 1554 1181 1581 eo
1218 1537 1368 1581 etiam
1399 1536 1582 1580 motivo

185 1618 258 1661 uti
289 1624 509 1679 possent,
545 1623 598 1661 ut
630 1616 904 1661 diffidentia
935 1617 1047 1672 illa,
1084 1634 1231 1678 quam
1269 1615 1584 1661 contribuens

179 1699 318 1759 plebs
343 1715 439 1742 non
463 1696 624 1740 minus
649 1712 765 1756 erga
797 1695 1019 1739 dominos
1045 1703 1317 1750 terrestres,
1350 1711 1402 1738 ac
1431 1695 1582 1740 etiam

182 1778 316 1838 ipsos
342 1774 544 1821 subinde
576 1774 969 1834 magistratuales
995 1773 1340 1819 comitatenses
1375 1775 1433 1818 ab
1463 1775 1586 1821 olim

180 1855 325 1912 fovet,
347 1853 542 1899 tandem
576 1851 874 1908 eradicetur,
919 1852 1082 1915 sicque
1109 1852 1210 1897 odii
1238 1854 1344 1898 loco
1373 1856 1582 1902 subdito-

180 1951 293 1978 rum
333 1948 450 1996 erga
477 1932 702 1976 dominos
734 1938 994 1977 terrestres
1027 1948 1194 1989 amor,
1245 1940 1292 1977 et
1328 1937 1582 1997 subjectio,

183 2015 372 2059 borum
398 2029 518 2057 vero
546 2028 664 2075 erga
697 2011 931 2057 miseram
957 2013 1158 2074 plebem
1182 2016 1477 2076 compassiO,
1533 2022 1584 2061 et
1647 2069 1649 2076 Ι

188 2093 430 2156 protectio
455 2093 707 2139 excitetur.

319 2174 396 2218 Ita
417 2173 739 2235 praemissum
775 2174 828 2217 in
857 2174 1006 2219 finem
1033 2189 1108 2219 eas
1151 2174 1488 2236 praetitulatae
1520 2177 1582 2222 D.

189 2259 378 2298 vestrae
395 2252 613 2297 facturae
638 2258 747 2296 sunt
774 2250 1205 2313 dispositiones,-ut
1228 2256 1406 2300 subditi
1431 2257 1489 2301 ab
1517 2273 1583 2302 as·

186 2334 492 2380 summendis
523 2333 722 2378 notariis
748 2333 1022 2378 nullatenus
1058 2333 1420 2395 impediantur,
1461 2338 1578 2400 quin

188 2414 349 2473 potius
377 2430 473 2458 non
510 2420 701 2457 tantum
731 2412 801 2457 illi
833 2413 991 2474 quoad
1012 2412 1171 2458 minus
1195 2416 1357 2476 plures
1393 2433 1578 2476 posses-

190 2491 350 2537 siones
379 2493 607 2548 insimul,
658 2493 730 2538 vel
760 2492 908 2536 etiam
937 2491 1173 2551 judicatus
1197 2496 1254 2564 de
1278 2495 1468 2542 idoneis
1494 2512 1576 2542 no-

188 2570 327 2614 tariis
358 2572 448 2617 sibi
484 2573 745 2634 providere
778 2572 1013 2628 debeant,
1062 2573 1350 2620 omnimode
1376 2576 1576 2621 extimu-

187 2650 382 2705 lentur,
419 2654 502 2697 sed
523 2654 685 2714 ipsum
710 2653 856 2699 etiam
885 2654 1139 2715 publicum
1170 2655 1356 2701 ratione
1388 2663 1574 2717 praeat-

188 2736 432 2775 tactorum
457 2733 765 2778 notariorum
791 2735 990 2796 praevia
1004 2735 1190 2779 ratione
1221 2734 1573 2781 constituendo-
