1669 3189
613 203 682 216 w..
739 187 820 240 49¹
883 186 972 225 sm,

80 295 130 334 et
150 285 337 343 sedi-ia,
365 292 592 332 accurata
624 287 899 334 attentione
938 300 1028 350 pro
1068 286 1206 333 omni
1254 286 1366 333 casu
1400 298 1476 333 re'-

78 369 251 416 flectat.
320 369 441 416 Ibid.
467 367 506 430 §.
532 373 609 419 26.
640 387 687 431 p.
720 379 765 417 5.

680 503 803 538 ΛΒΤ.
849 502 900 539 Χ.

76 587 159 632 De
187 585 572 632 essentialibus
596 584 892 643 requisitis,
917 584 1258 641 modalitate,
1285 581 1477 645 erfor-

326 667 415 696 ma
440 650 822 695 contractuum
839 648 1212 695 ineundorum.

206 763 265 807 In
289 759 599 821 conficiendis
625 758 951 805 contractibus
993 761 1349 806 observandum
1381 763 1478 807 erit

78 843 284 889 sollicita
319 858 431 888 cum
464 841 762 898 attentione,
818 842 1008 904 hocque
1053 841 1106 886 in
1143 857 1289 903 passu
1324 842 1482 905 magi-

81 922 335 969 stratuales
386 920 750 966 comitatenses·
786 938 877 983 per
931 919 1243 966 comissarios
1313 922 1477 985 regios

77 1003 241 1049 debite
291 1004 631 1060 instruantur,
704 1010 760 1047 ut
814 1001 1006 1065 singula
1068 999 1380 1064 obligationis
1430 1009 1479 1047 et

73 1085 418 1147 praestationis
447 1084 626 1146 species
669 1083 896 1129 distincto
927 1092 1110 1146 puncto
1149 1086 1278 1131 clare
1323 1077 1480 1127 omni-

70 1182 166 1221 no,
225 1172 274 1211 et
323 1165 505 1228 absque
531 1164 669 1209 omni
722 1164 1045 1228 ambiguitate
1097 1167 1176 1210 vel
1210 1163 1479 1209 minimum

83 1245 317 1302 dubium,
378 1253 460 1290 aut
507 1245 844 1307 quaestionem
889 1262 1064 1307 parere
1097 1242 1288 1291 valente
1322 1245 1481 1307 expri-

74 1332 237 1370 matur
259 1341 369 1370 cum
398 1342 539 1370 sensu
570 1325 799 1381 omnino,
853 1332 902 1370 et
956 1326 1211 1372 intellectu
1244 1325 1480 1387 pel-secto.

72 1405 195 1448 Item
227 1402 385 1449 omnis
427 1404 764 1467 obligationis,
835 1412 883 1449 et
919 1405 1260 1466 praestationis
1297 1405 1478 1468 species

78 1484 239 1546 quoad
265 1483 534 1547 obligatum
560 1485 961 1532 contractualiter
988 1501 1252 1530 numerum
1274 1519 1287 1542 ‚
1342 1503 1481 1532 men-

78 1581 272 1620 suram,
332 1571 558 1626 ternpus,
613 1570 663 1607 et
691 1562 975 1608 distantiam
1003 1564 1215 1626 positiva
1245 1581 1360 1609 cum
1400 1567 1479 1610 de-

75 1644 426 1690 terminatione
455 1661 705 1707 peraeque
733 1645 864 1690 clare
892 1660 944 1689 ac
967 1644 1029 1689 ad
1058 1652 1258 1707 captum
1278 1678 1292 1701 ,
1344 1653 1392 1690 et
1411 1646 1481 1690 in-

71 1725 322 1769 tellectum
369 1725 775 1769 contrahentium
811 1724 865 1769 in
893 1733 1145 1771 contractu
1181 1732 1476 1787 exponatur,

79 1810 127 1848 et
151 1803 442 1849 declaretur.
477 1803 611 1849 Nihil
635 1810 896 1866 praeterea
914 1821 1104 1859 eorum,
1131 1822 1254 1866 quae
1276 1805 1477 1851 nomine

78 1884 385 1946 generalium
415 1884 784 1947 prohibitorum
817 1885 1047 1942 veniunt,
1093 1885 1146 1930 in
1169 1893 1478 1933 contractum

76 1967 336 2013 inseratur.
1434 1966 1437 1969 ’

208 2049 263 2093 In
294 2046 430 2092 omni
469 2048 679 2110 denique
734 2054 1013 2103 contractu,
1066 2062 1151 2090 seu
1197 2053 1474 2109 perpetuu,

79 2146 166 2176 seu
192 2126 480 2191 temporali,
519 2145 608 2173 seu
635 2145 729 2190 per
751 2127 1126 2172 communitates
1158 2127 1210 2172 in
1247 2133 1477 2172 concreto

79 2227 165 2255 seu
191 2226 282 2272 per
322 2209 510 2272 aliquos
566 2210 786 2255 subditos
825 2210 875 2254 in
917 2208 1173 2255 individuo
1213 2206 1372 2260 inito,
1422 2204 1477 2250 in

82 2290 260 2334 ultimo
302 2290 506 2352 speciali
538 2298 717 2353 puncto
740 2306 832 2352 per
867 2306 1146 2351 expressum
1174 2289 1225 2333 id
1250 2288 1377 2333 clare
1406 2285 1478 2329 in-

83 2376 302 2426 seratur,
342 2372 472 2432 quod
511 2379 713 2433 praeter
745 2371 795 2416 in
832 2370 1198 2432 praedenotatis
1239 2365 1475 2430 specificis

80 2449 270 2510 punctis
312 2449 438 2494 clare
481 2458 526 2496 et
565 2468 790 2513 expresse
823 2458 1069 2506 contenta,
1114 2448 1240 2496 nihil
1279 2461 1476 2510 prorsus

83 2529 215 2573 aliud
239 2529 298 2572 ab
325 2528 499 2575 iisdem
531 2547 588 2575 ex
611 2538 752 2593 parte
779 2529 1120 2576 dominiorum
1150 2527 1476 2591 qualicunque

85 2611 171 2655 sub
202 2610 345 2656 titulo
372 2619 418 2657 et
446 2620 701 2674 praetextu
740 2613 988 2675 exigetur,
1033 2617 1082 2655 et
1103 2608 1474 2672 praetendetur,

83 2689 332 2754 iidemque
366 2694 499 2750 dare,
538 2694 613 2738 vel
644 2699 895 2754 praestare
920 2690 1282 2754 obligabuntur.
1355 2690 1475 2733 Con-

89 2779 263 2820 tractus
317 2790 432 2820 vero
488 2773 683 2821 nomine
731 2772 1135 2822 communitatum
1178 2788 1314 2818 secus
1354 2768 1472 2815 iniri
