1669 3189
599 193 669 204 m
729 171 812 226 3q3
871 193 940 204 *w-

199 291 243 327 5.
279 279 355 323 De
391 275 580 322 defectu
610 279 802 340 pascui,
838 285 883 323 et
901 276 1299 322 immunitatione
1329 293 1354 321 a
1376 278 1461 322 bu-

68 360 150 405 tiri
183 359 524 420 praestatione.

198 445 240 487 4.
265 442 339 483 De
375 439 647 483 currulibus
688 445 737 481 et
784 444 1008 481 araturae
1052 435 1299 481 laboribus
1345 443 1464 498 quot·

64 518 306 583 jugalibus
332 517 648 580 perficiendis
671 517 695 560 ἱ)

194 612 235 647 5.
261 602 334 643 De
363 597 612 659 inquilinis
643 596 720 640 vel
748 595 897 638 etiam
922 597 1102 640 colonis
1125 597 1299 642 fundos
1327 614 1463 658 quos-

68 679 204 740 piam
235 677 550 739 quantitatem
580 675 804 721 octavalis
823 674 1047 720 sessionis
1070 694 1167 720 non
1190 678 1458 738 adaequan-

70 766 139 803 tes
171 756 550 819 possidentibus.

189 841 230 884 6.
258 840 332 882 De
368 854 479 882 casu
509 836 711 900 gratuiti
744 834 1027 880 arundineti
1059 851 1169 878 usus
1207 838 1259 881 in
1302 838 1459 882 vicem

56 917 335 979 lignationis
366 918 548 962 colonis
590 916 814 973 admissi,
851 922 932 961 aut
973 915 1011 961 si
1047 914 1316 977 lignatione
1343 923 1389 961 et
1417 934 1464 961 a-

63 996 329 1042 rundineto
358 995 699 1049 destituantur,

190 1088 232 1124 7.
268 1078 342 1121 De
370 1075 553 1121 casibus
573 1110 586 1132 ,
623 1077 662 1121 si
694 1077 779 1139 qui
806 1077 1099 1121 colonorum
1124 1076 1174 1120 in
1200 1075 1364 1138 aliquo
1392 1076 1459 1119 lo-

6 1168 9 1174 ‘
65 1173 121 1200 eo
157 1156 373 1218 integras
408 1158 522 1201 duas
547 1164 627 1201 aut
658 1164 756 1200 tres
792 1157 944 1201 etiam
961 1155 1197 1200 sessiones
1223 1156 1459 1200 colonica-

58 1237 130 1279 les
159 1236 304 1280 fundo
329 1237 636 1281 intravillano
667 1238 885 1299 provisas
920 1237 1252 1297 possiderent.

190 1324 232 1363 8,
267 1318 341 1359 De
368 1316 716 1360 insertionibus
749 1318 904 1359 relate
930 1316 990 1358 ad
1020 1332 1201 1360 nonam
1222 1316 1272 1359 in
1301 1315 1462 1376 aequi-

56 1394 235 1438 valenti
273 1394 693 1455 praestabilitam‚
728 1395 904 1438 obtutu
935 1395 1200 1454 praeelecti
1244 1395 1464 1456 aequiva-

58 1473 199 1517 lentis
229 1490 312 1518 seu
345 1474 394 1519 in
427 1474 658 1529 rebonis,
696 1481 781 1517 s'eu
808 1472 858 1517 in
889 1479 1060 1533 parata
1091 1475 1315 1533 pecunia.

184 1555 244 1598 Et
270 1555 389 1598 haec
420 1561 534 1598 sunt
562 1553 780 1614 objecta,
818 1553 876 1597 de
919 1552 1091 1614 quibus
1136 1552 1189 1596 in
1256 1553 1466 1598 urharii-

57 1650 208 1680 vacua
232 1634 385 1695 spatia
411 1634 759 1695 relinquuntur
780 1667 793 1689 ,
845 1628 1020 1695 quibus
1073 1632 1238 1694 spatiis
1283 1634 1463 1696 quippe

57 1715 191 1778 juxta
215 1715 547 1776 praestabilita
576 1715 734 1776 quoad
761 1714 1014 1776 singulum
1054 1723 1460 1774 praeenarratum

59 1801 295 1856 punctum
333 1793 608 1854 principia,
644 1794 695 1838 in
722 1796 759 1846 Ι,
792 1801 837 1838 et
867 1795 927 1837 ll.
955 1798 1094 1854 parte
1129 1793 1290 1853 operis
1317 1794 1459 1856 hujus

55 1875 256 1919 uberius
281 1873 375 1918 suis
402 1873 518 1917 locis
542 1880 715 1917 attacta
738 1907 750 1928 9
787 1875 976 1917 calamo
1028 1890 1116 1934 per
1164 1881 1458 1936 exequentes

56 1955 444 2018 magistratu-ales
468 1954 768 1999 necessariae
811 1953 1153 2015 inscriptiones
1185 1954 1236 2000 in
1284 1954 1460 2016 spiritu

57 2035 322 2080 altissimae
341 2032 618 2079 intentionis
647 2035 810 2098 regiae
841 2034 993 2079 inseri
1011 2034 1203 2080 debent.

193 2113 380 2178 Quibus
410 2113 637 2170 insertis,
675 2122 720 2160 et
764 2115 925 2160 debite
955 2115 1216 2176 suppletis,
1256 2114 1458 2159 urbaria

58 2197 279 2241 locorum
329 2194 632 2255 praescripto
681 2196 829 2240 modo
873 2193 1187 2255 adjustanda,
1237 2202 1286 2238 et
1319 2210 1458 2255 expe-2
1499 2209 1501 2213 ’

59 2275 238 2319 dienda
263 2285 383 2322 sunt⁶

624 2397 747 2431 ΛΒΤ.
800 2397 839 2433 V.

320 2479 402 2520 De
444 2487 517 2524 15.
541 2477 940 2538 prohibitorum
976 2477 1209 2535 punctis.
1284 2491 1299 2521 ὲ

159 2587 524 2633 Prohibitorum
557 2601 609 2638 15
634 2595 812 2652 puncta
835 2589 1105 2651 generalia,
1143 2604 1262 2651 quae
1294 2599 1369 2635 21.
1389 2585 1459 2646 ju⁴

58 2667 147 2723 lii,
184 2674 231 2711 et
262 2679 338 2723 29.
382 2669 656 2714 decembris
691 2673 828 2717 1766.
866 2669 1155 2730 publicanda
1185 2668 1456 2730 praecipie-

50 2749 264 2805 bantur,
303 2751 390 2794 sub
424 2751 479 2794 H.
508 2743 683 2798 erm-0.
728 2761 774 2805 8,
816 2750 954 2799 instr.
1004 2767 1139 2814 exeq,
1181 2766 1308 2813 mag.
1345 2765 1448 2810 cap.

63 2835 108 2881 [2.
140 2836 365 2877 contenta
393 2837 531 2876 sunt:
