1669 3189
779 179 848 189 ow-
907 158 990 197 618
1048 180 1116 193 ...0-

230 264 470 324 Majestati
513 262 862 315 sacratissimae
900 279 992 325 pro
1036 281 1265 326 suprema
1289 266 1623 328 inspectione,

232 353 280 390 et
310 346 517 406 benigna
543 343 789 389 decisione
819 361 1040 391 caesareo
1059 345 1194 409 regia
1223 362 1315 408 per
1347 346 1482 390 idem
1503 347 1622 391 Con-

228 427 391 471 silium
416 424 609 487 regium
633 426 1088 486 repraesentandas,

354 503 638 564 Utprimum
676 512 839 550 autem
878 522 1023 568 super
1059 505 1223 550 taliter
1247 506 1621 567 repraesentatis
1668 503 1669 537 ἶ

227 582 451 628 altefatae
477 600 591 628 suae
621 583 887 643 Maiestatis
930 574 1282 630 sacratissimae
1309 584 1620 631 clementissi-

218 681 300 709 ma
340 663 572 708 resolutio
617 664 754 727 regia
796 665 1047 711 comitatui
1102 665 1329 711 intimata
1374 666 1624 727 extiterit,

222 745 358 788 idem
404 739 663 790 comitatus
704 747 882 807 absque
927 746 1063 791 omni
1127 745 1368 793 nectenda
1416 761 1615 790 remora

222 823 367 882 hujus
401 824 452 868 in
486 825 827 870 conformitate
855 825 1040 887 agenda
1070 832 1210 889 agat,
1246 832 1291 871 et
1318 824 1618 871 effectuanda

219 905 425 950 sollicite
462 905 710 960 effectuet‚
747 919 800 947 ac
826 905 1036 966 desuper
1060 906 1195 951 idem
1219 907 1310 951 hoc
1344 904 1614 950 Consilium

230 984 660 1030 locumtenentiale
697 983 893 1046 regium
935 983 1150 1046 genuine
1194 1001 1248 1030 ac
1294 985 1511 1030 fideliter
1544 985 1617 1030 in-

228 1062 424 1109 formet.

353 1144 391 1203 §.
445 1155 487 1191 2.
537 1146 583 1190 Si
626 1145 874 1191 occasione
905 1161 996 1207 per
1021 1144 1250 1190 officiales
1280 1134 1620 1192 comitatenses
1668 1158 1669 1163 ’

215 1225 414 1286 praevio
470 1225 615 1269 modo
645 1226 958 1288 peragendae
989 1224 1375 1285 investigationis
1390 1240 1614 1285 comper-

217 1309 323 1346 tum
355 1301 518 1359 suerit,
555 1320 721 1360 unam,
758 1290 1066 1366 alteramque
1099 1303 1508 1350 communitatem
1538 1322 1616 1350 ur-

217 1381 417 1427 barium
459 1401 628 1441 suum,
665 1392 745 1429 aut
783 1391 1052 1431 memorata
1101 1390 1284 1446 puncta
1335 1385 1619 1446 prohibita,

220 1465 295 1509 vel
313 1465 542 1510 tabellam
561 1465 861 1509 urbarialem
878 1472 962 1510 aut
983 1465 1329 1510 testimoniales
1351 1481 1498 1527 super
1519 1481 1623 1511 exea

219 1545 441 1601 cutione,
476 1547 549 1590 vel
574 1545 787 1606 denique
816 1544 1234 1605 conscriptionem
1276 1544 1398 1604 juris
1432 1552 1619 1591 monta-

215 1624 267 1668 ni
295 1624 501 1685 amplius
526 1624 660 1667 haud
697 1625 908 1679 habere,
944 1624 1027 1668 sed
1056 1624 1223 1669 eadem
1250 1623 1347 1668 fato
1381 1624 1611 1686 quopiam

218 1705 271 1748 in
315 1704 558 1748 relatoriis
597 1704 822 1764 specifice
870 1702 1192 1762 exprimendo
1226 1702 1446 1746 amisisse
1476 1734 1490 1758 ,
1524 1704 1610 1747 tali

213 1782 263 1827 in
293 1799 402 1827 casu
433 1781 718 1827 decernitur
741 1814 754 1837 ‚
792 1788 843 1825 ut
870 1798 968 1825 non
1000 1787 1190 1825 tantum
1222 1796 1362 1825 causa
1398 1781 1610 1827 talismo—

218 1863 267 1905 di
283 1862 555 1909 amissionis
572 1878 663 1923 per
678 1860 880 1906 eosdem
903 1860 1242 1905 comitatenses
1274 1859 1505 1905 officiales
1537 1861 1610 1906 in·

214 1944 513 2007 vestigetur,
547 1958 724 1987 verum
759 1942 909 1986 etiam
954 1940 1241 1989 omnimoda
1275 1954 1390 1986 cura
1416 1942 1612 1987 adhibe·
1640 1980 1642 1983 ,

213 2032 351 2080 atur,
395 2031 450 2069 ut
486 2023 767 2069 istiusmodi
809 2023 999 2070 amissis
1034 2023 1379 2068 instrumentis
1409 2021 1497 2068 sub
1532 2040 1611 2069 au-

206 2105 425 2150 thentica
470 2105 724 2150 comitatus
761 2104 1074 2167 expeditione
1107 2103 1294 2159 denuo,
1337 2119 1390 2147 ac
1423 2120 1517 2165 quo
1538 2120 1611 2150 ce·
1663 2165 1666 2167 ,

207 2187 357 2231 lerius
386 2186 773 2249 provideantur,
810 2183 1018 2246 ideoque
1050 2183 1169 2228 haec
1203 2184 1332 2228 hunc
1364 2184 1414 2228 in
1441 2200 1605 2230 casum

205 2282 234 2310 a
266 2268 481 2312 Consilio
514 2269 607 2312 hoc
636 2264 1062 2312 locumtenentiali
1096 2263 1234 2326 regio
1267 2270 1573 2326 expetantur.

336 2345 374 2407 ᾗ.
415 2359 460 2395 5.
499 2347 615 2409 Ipsis
671 2354 831 2392 autem
875 2345 1319 2408 magistratualihus
1363 2343 1608 2389 relationi-

204 2428 292 2473 bus
311 2429 478 2473 datum
495 2436 713 2474 accurate
731 2427 993 2483 inseratur,
1012 2425 1314 2489 quossexinde
1344 2441 1469 2470 anno
1499 2424 1605 2469 sub·
1650 2423 1652 2466 j

206 2526 353 2571 sequo
392 2510 821 2573 investigationem
856 2508 1055 2553 facienti
1098 2514 1290 2569 pateat,
1329 2522 1356 2551 a
1388 2522 1484 2569 quo
1508 2512 1603 2550 ter-

205 2590 339 2635 mino
369 2608 547 2636 novam
576 2589 1005 2654 investigationem
1032 2588 1188 2633 ordiri
1219 2588 1405 2634 debeat.

338 2671 624 2732 Hujusmodj
669 2688 821 2733 porro
854 2669 1253 2732 investigationes
1285 2668 1475 2715 futurae
1510 2663 1596 2709 toti
