1669 3189
744 158 1084 197 muoz-zm·—

228 287 308 316 um
342 281 604 314 numerum
633 296 646 318 ,
693 264 804 308 hinc
842 271 893 307 ut
941 265 1000 308 ab
1026 280 1087 308 eo
1116 279 1312 310 excessu
1351 266 1617 312 efficaciter

225 354 539 400 arrccantur,
574 342 785 406 benigne
814 343 1010 388 resolvit
1039 360 1119 388 sua
1147 343 1398 405 Majestas,
1433 355 1485 392 ut
1514 364 1617 393 orn-

223 433 297 477 nis
326 426 581 488 religionis
611 424 835 486 parochis
865 424 1027 481 idem,
1065 425 1145 487 qui
1176 427 1508 487 superioribus
1548 427 1616 472 os-
1668 445 1669 476 ζ

222 508 458 557 ficialibus
495 504 841 560 dominalibus,
869 522 1099 550 numerus
1131 523 1363 567 pecorum
1404 514 1450 551 et
1475 524 1616 568 pecu·
1668 495 1669 533 ]

224 592 342 634 dum
378 586 602 649 superius
631 584 932 647 praescripto
962 586 1113 630 modo
1150 586 1527 631 determinetur.

349 670 402 712 In
434 667 624 729 singulo
662 666 863 710 demum
892 667 997 709 loco
1043 672 1338 727 exequentes
1365 667 1618 730 magistra-

217 750 372 794 tuales
395 748 667 791 resolutum
697 763 788 807 per
827 745 1163 791 comissarium
1200 746 1394 809 regium
1429 763 1519 808 pro
1548 745 1617 789 of-

217 828 456 875 ficialibus
494 859 507 881 ‚
567 825 918 881 servitoribus,
989 842 1042 870 ac
1082 825 1435 890 ludimagistris
1482 833 1622 888 peco-

217 924 353 966 rum..-
380 923 432 951 ac
469 905 718 965 pecudum
760 920 1026 949 numerum
1085 922 1197 950 cum
1246 908 1470 968 specifica
1508 922 1618 950 con-

218 984 507 1039 notatione,
574 982 988 1030 executionalibus
1038 983 1091 1027 in
1136 994 1357 1046 separato
1407 986 1617 1049 quodam

218 1072 401 1128 puncto
448 1064 757 1126 exprimant,
776 1080 828 1108 ac
855 1063 906 1108 id
938 1065 1097 1126 ipsum
1126 1064 1378 1110 occasione
1402 1063 1619 1110 annuali-

218 1163 303 1190 um
340 1145 662 1191 urbarialium
709 1144 1175 1207 investigationum,
1212 1145 1424 1208 qualiter
1453 1144 1618 1189 obser·

224 1233 388 1270 vatum
434 1224 853 1282 suerit,accurate
891 1225 1180 1288 indagetur,
1217 1225 1474 1271 comitatui
1494 1224 1619 1270 rose-
1654 1234 1656 1237 ’

219 1312 384 1361 ratur,
435 1305 795 1367 relationesque
839 1305 1116 1354 istiusmodi
1145 1306 1353 1352 Consilio
1369 1308 1616 1368 ‚locumte-

218 1385 418 1450 nentiali
448 1386 588 1449 regio
617 1386 980 1432 submittantur.

354 1465 497 1528 Quod
522 1467 682 1529 ipsum
716 1468 864 1528 proin
908 1483 1077 1512 omnes
1110 1474 1157 1512 et
1191 1468 1366 1531 singuli
1420 1467 1619 1513 comita-

219 1552 297 1590 tus
329 1546 644 1590 urbarialiter
670 1546 879 1607 regulati
908 1546 975 1588 ad.
1000 1548 1230 1590 amussim
1259 1547 1616 1601 effectuabunt‚

220 1631 269 1668 et
307 1625 553 1669 occasione
594 1642 778 1669 annuae
832 1625 1242 1686 investigationis,
1299 1627 1508 1687 qualiter
1537 1628 1617 1671 ob-

219 1712 464 1748 servatum
499 1705 673 1760 suerit,
728 1704 1010 1765 investigari
1036 1736 1049 1758 ,
1087 1705 1286 1766 'sibique
1326 1706 1506 1751 referri
1541 1725 1618 1752 cu-

221 1785 399 1829 rabunt
416 1817 428 1839 ,
465 1784 830 1844 relationesque
855 1783 1260 1845 investigantium
1282 1787 1619 1848 magistratua·

219 1864 344 1907 lium
385 1862 578 1906 Consilo
608 1864 664 1908 L.
689 1864 743 1908 R.
768 1863 1130 1909 submittantur.

354 1942 393 2002 §.
432 1953 476 1992 8.
516 1942 780 1988 Occasione
809 1944 1392 2007 annuaexinvesigationis
1419 1945 1505 1990 sub
1535 1961 1618 2007 pe-

222 2021 394 2067 culiari
427 2031 608 2085 puncto
638 2032 861 2070 accurate
889 2025 1196 2070 examinetur
1216 2059 1230 2082 ,
1266 2043 1384 2071 num
1417 2043 1474 2071 ex
1506 2044 1617 2072 con-

225 2102 417 2164 scriptis
445 2102 602 2149 fundis
639 2105 869 2162 desertis,
907 2105 1021 2167 qui,
1059 2113 1207 2168 quot,
1245 2112 1293 2150 et
1333 2107 1494 2168 quales
1527 2106 1616 2151 im-

221 2185 443 2246 populati
466 2186 763 2242 habeantur,
799 2194 845 2233 et
873 2204 993 2231 num
1034 2193 1141 2249 post
1175 2187 1615 2248 impopulationem

221 2266 536 2311 urbarialiter
566 2275 839 2313 tractentur
862 2268 886 2313 P
920 2276 1001 2313 aut
1034 2284 1059 2313 e
1092 2284 1323 2313 converso
1342 2267 1504 2313 nefors
1533 2268 1617 2312 ali-

224 2347 304 2407 qui
351 2364 408 2391 ex
433 2348 763 2410 impopulatis,
798 2366 889 2411 qua
924 2349 984 2393 de
1031 2365 1167 2394 causa
1191 2382 1205 2405 ,
1241 2357 1286 2394 et
1324 2349 1456 2411 cujus
1483 2349 1611 2393 facto

226 2426 400 2475 deserti
448 2428 727 2484 extiterint,
780 2435 827 2472 et
869 2429 918 2473 in
968 2428 1102 2488 cujus
1147 2430 1438 2492 qualemque
1470 2445 1614 2474 usum

227 2505 513 2553 devenerint
535 2542 549 2566 ,
585 2508 762 2553 saciant
797 2509 854 2554 de
893 2509 966 2553 his
1012 2526 1202 2571 quoque
1233 2506 1612 2553 circumstantiis

226 2586 464 2632 universis
508 2589 851 2652 investigantes
892 2590 1179 2645 comitatui,
1226 2589 1305 2633 hic
1341 2604 1459 2633 vero
1494 2589 1613 2632 Gon-

227 2665 333 2710 silio
381 2668 793 2716 locumtenentiali
825 2670 960 2733 regio
997 2671 1261 2734 genuinam
1311 2666 1612 2715 informatio-
