<?xml version="1.0" encoding="UTF-8"?>
<!DOCTYPE html PUBLIC "-//W3C//DTD XHTML 1.0 Transitional//EN"
    "http://www.w3.org/TR/xhtml1/DTD/xhtml1-transitional.dtd">
<html xmlns="http://www.w3.org/1999/xhtml" xml:lang="en" lang="en">
 <head>
  <title>
</title>
<meta http-equiv="Content-Type" content="text/html;charset=utf-8" />
  <meta name='ocr-system' content='tesseract 3.04.00' />
  <meta name='ocr-capabilities' content='ocr_page ocr_carea ocr_par ocr_line ocrx_word'/>
</head>
<body>
  <div class='ocr_page' id='page_1' title='image "./constitutioreiur02paul_0189.png"; bbox 0 0 1669 3189; ppageno 0'>
   <div class='ocr_carea' id='block_1_1' title="bbox 570 85 910 137">
    <p class='ocr_par' dir='ltr' id='par_1_1' title="bbox 570 85 910 137">
     <span class='ocr_line' id='line_1_1' title="bbox 570 85 910 137; baseline -0.026 -13"><span class='ocrx_word' id='word_1_1' title='bbox 570 85 910 137; x_wconf 47' lang='lat' dir='ltr'><strong>qua-511)...-</strong></span> 
     </span>
    </p>
   </div>
   <div class='ocr_carea' id='block_1_2' title="bbox 0 183 1457 2742">
    <p class='ocr_par' dir='ltr' id='par_1_2' title="bbox 0 183 1451 2420">
     <span class='ocr_line' id='line_1_2' title="bbox 30 183 1412 248; baseline -0.016 -3"><span class='ocrx_word' id='word_1_2' title='bbox 30 203 252 246; x_wconf 80' lang='lat' dir='ltr'><strong>accurata</strong></span> <span class='ocrx_word' id='word_1_3' title='bbox 276 192 550 240; x_wconf 73' lang='lat' dir='ltr'><strong>observatio</strong></span> <span class='ocrx_word' id='word_1_4' title='bbox 582 190 808 236; x_wconf 88' lang='lat' dir='ltr'><strong>omnibus</strong></span> <span class='ocrx_word' id='word_1_5' title='bbox 851 195 897 233; x_wconf 89' lang='lat' dir='ltr'><strong>et</strong></span> <span class='ocrx_word' id='word_1_6' title='bbox 932 185 1131 248; x_wconf 77' lang='lat' dir='ltr'><strong>singulis</strong></span> <span class='ocrx_word' id='word_1_7' title='bbox 1164 183 1412 245; x_wconf 76' lang='lat' dir='ltr'><strong>magistra-</strong></span> 
     </span>
     <span class='ocr_line' id='line_1_3' title="bbox 28 262 1445 337; baseline -0.016 -11"><span class='ocrx_word' id='word_1_8' title='bbox 28 281 238 328; x_wconf 76' lang='lat' dir='ltr'><strong>tualibus</strong></span> <span class='ocrx_word' id='word_1_9' title='bbox 293 273 598 337; x_wconf 85' lang='lat' dir='ltr'><strong>injungenda</strong></span> <span class='ocrx_word' id='word_1_10' title='bbox 654 270 764 316; x_wconf 88' lang='lat' dir='ltr'><strong>erit.</strong></span> <span class='ocrx_word' id='word_1_11' title='bbox 863 267 984 313; x_wconf 80' lang='lat' dir='ltr'><strong>Ibid.</strong></span> <span class='ocrx_word' id='word_1_12' title='bbox 1030 290 1094 298; x_wconf 88' lang='lat'><strong>--</strong></span> <span class='ocrx_word' id='word_1_13' title='bbox 1137 262 1445 308; x_wconf 75' lang='lat' dir='ltr'><strong>Ratione·</strong></span> 
     </span>
     <span class='ocr_line' id='line_1_4' title="bbox 30 340 1417 412; baseline -0.017 -6"><span class='ocrx_word' id='word_1_14' title='bbox 30 360 272 408; x_wconf 82' lang='lat' dir='ltr'><strong>sedium</strong></span> <span class='ocrx_word' id='word_1_15' title='bbox 309 352 738 400; x_wconf 86' lang='lat' dir='ltr'><strong>dominalium</strong></span> <span class='ocrx_word' id='word_1_16' title='bbox 783 351 884 412; x_wconf 83' lang='lat' dir='ltr'><strong>jam</strong></span> <span class='ocrx_word' id='word_1_17' title='bbox 932 347 1118 392; x_wconf 85' lang='lat' dir='ltr'><strong>dudum</strong></span> <span class='ocrx_word' id='word_1_18' title='bbox 1164 358 1217 387; x_wconf 85' lang='lat' dir='ltr'><strong>ac</strong></span> <span class='ocrx_word' id='word_1_19' title='bbox 1252 340 1417 385; x_wconf 81' lang='lat' dir='ltr'><strong>statim</strong></span> 
     </span>
     <span class='ocr_line' id='line_1_5' title="bbox 25 424 1420 494; baseline -0.017 -8"><span class='ocrx_word' id='word_1_20' title='bbox 25 443 116 486; x_wconf 80' lang='lat' dir='ltr'><strong>sul)</strong></span> <span class='ocrx_word' id='word_1_21' title='bbox 150 439 289 484; x_wconf 85' lang='lat' dir='ltr'><strong>initio</strong></span> <span class='ocrx_word' id='word_1_22' title='bbox 310 436 563 481; x_wconf 72' lang='lat' dir='ltr'>inchoatae</span> <span class='ocrx_word' id='word_1_23' title='bbox 588 428 900 494; x_wconf 57' lang='lat' dir='ltr'><strong>regula-tionis</strong></span> <span class='ocrx_word' id='word_1_24' title='bbox 925 424 1186 472; x_wconf 74' lang='lat' dir='ltr'><strong>urbm-ialis</strong></span> <span class='ocrx_word' id='word_1_25' title='bbox 1223 436 1307 465; x_wconf 84' lang='lat' dir='ltr'><strong>eae</strong></span> <span class='ocrx_word' id='word_1_26' title='bbox 1347 436 1420 463; x_wconf 78' lang='lat' dir='ltr'><strong>su-</strong></span> 
     </span>
     <span class='ocr_line' id='line_1_6' title="bbox 28 498 1420 584; baseline -0.016 -20"><span class='ocrx_word' id='word_1_27' title='bbox 28 535 205 584; x_wconf 86' lang='lat' dir='ltr'><strong>premo</strong></span> <span class='ocrx_word' id='word_1_28' title='bbox 234 514 436 561; x_wconf 89' lang='lat' dir='ltr'><strong>nomine</strong></span> <span class='ocrx_word' id='word_1_29' title='bbox 459 513 537 557; x_wconf 82' lang='lat' dir='ltr'><strong>via</strong></span> <span class='ocrx_word' id='word_1_30' title='bbox 564 508 769 558; x_wconf 87' lang='lat' dir='ltr'>Consilii</span> <span class='ocrx_word' id='word_1_31' title='bbox 792 503 1237 552; x_wconf 80' lang='lat' dir='ltr'><strong>locumtenentialis</strong></span> <span class='ocrx_word' id='word_1_32' title='bbox 1265 498 1420 563; x_wconf 85' lang='lat' dir='ltr'><strong>publi-</strong></span> 
     </span>
     <span class='ocr_line' id='line_1_7' title="bbox 31 579 1423 669; baseline -0.016 -24"><span class='ocrx_word' id='word_1_33' title='bbox 31 609 162 669; x_wconf 84' lang='lat' dir='ltr'><strong>catae</strong></span> <span class='ocrx_word' id='word_1_34' title='bbox 185 603 295 641; x_wconf 88' lang='lat' dir='ltr'><strong>sunt</strong></span> <span class='ocrx_word' id='word_1_35' title='bbox 319 591 684 658; x_wconf 72' lang='lat' dir='ltr'><strong>dispositiones3&#39;</strong></span> <span class='ocrx_word' id='word_1_36' title='bbox 700 595 753 633; x_wconf 89' lang='lat' dir='ltr'><strong>ut</strong></span> <span class='ocrx_word' id='word_1_37' title='bbox 767 579 828 633; x_wconf 79' lang='lat' dir='ltr'><strong>ad</strong></span> <span class='ocrx_word' id='word_1_38' title='bbox 856 588 986 632; x_wconf 86' lang='lat' dir='ltr'><strong>sedes</strong></span> <span class='ocrx_word' id='word_1_39' title='bbox 1011 584 1299 638; x_wconf 83' lang='lat' dir='ltr'><strong>dominales,</strong></span> <span class='ocrx_word' id='word_1_40' title='bbox 1323 596 1423 624; x_wconf 86' lang='lat' dir='ltr'><strong>rna-</strong></span> 
     </span>
     <span class='ocr_line' id='line_1_8' title="bbox 27 659 1422 744; baseline -0.016 -19"><span class='ocrx_word' id='word_1_41' title='bbox 27 678 334 744; x_wconf 82' lang='lat' dir='ltr'><strong>gistratuales</strong></span> <span class='ocrx_word' id='word_1_42' title='bbox 355 674 674 720; x_wconf 71' lang='lat' dir='ltr'>comitatuum</span> <span class='ocrx_word' id='word_1_43' title='bbox 690 659 889 730; x_wconf 80' lang='lat' dir='ltr'><strong>praeter</strong></span> <span class='ocrx_word' id='word_1_44' title='bbox 899 665 1052 727; x_wconf 77' lang='lat' dir='ltr'><strong>legale</strong></span> <span class='ocrx_word' id='word_1_45' title='bbox 1078 659 1422 707; x_wconf 86' lang='lat' dir='ltr'><strong>testimonium</strong></span> 
     </span>
     <span class='ocr_line' id='line_1_9' title="bbox 27 739 1426 810; baseline -0.018 -4"><span class='ocrx_word' id='word_1_46' title='bbox 27 779 125 808; x_wconf 89' lang='lat' dir='ltr'><strong>non</strong></span> <span class='ocrx_word' id='word_1_47' title='bbox 156 759 509 810; x_wconf 69' lang='lat' dir='ltr'><strong>adhibeantur,</strong></span> <span class='ocrx_word' id='word_1_48' title='bbox 564 768 621 797; x_wconf 87' lang='lat' dir='ltr'><strong>ea</strong></span> <span class='ocrx_word' id='word_1_49' title='bbox 650 751 710 796; x_wconf 89' lang='lat' dir='ltr'><strong>de</strong></span> <span class='ocrx_word' id='word_1_50' title='bbox 755 763 920 802; x_wconf 83' lang='lat' dir='ltr'><strong>causa,</strong></span> <span class='ocrx_word' id='word_1_51' title='bbox 970 760 1083 788; x_wconf 88' lang='lat' dir='ltr'><strong>cum</strong></span> <span class='ocrx_word' id='word_1_52' title='bbox 1126 741 1317 786; x_wconf 85' lang='lat' dir='ltr'><strong>sedium</strong></span> <span class='ocrx_word' id='word_1_53' title='bbox 1344 739 1426 783; x_wconf 87' lang='lat' dir='ltr'><strong>do-</strong></span> 
     </span>
     <span class='ocr_line' id='line_1_10' title="bbox 0 817 1427 895; baseline -0.019 -8"><span class='ocrx_word' id='word_1_54' title='bbox 0 861 1 866; x_wconf 53' lang='lat'><em>*</em></span> <span class='ocrx_word' id='word_1_55' title='bbox 29 840 290 886; x_wconf 83' lang='lat' dir='ltr'><strong>minalium</strong></span> <span class='ocrx_word' id='word_1_56' title='bbox 332 835 491 881; x_wconf 83' lang='lat' dir='ltr'><strong>decisa</strong></span> <span class='ocrx_word' id='word_1_57' title='bbox 528 849 621 895; x_wconf 84' lang='lat' dir='ltr'><strong>pro</strong></span> <span class='ocrx_word' id='word_1_58' title='bbox 650 825 1047 893; x_wconf 85' lang='lat' dir='ltr'><strong>superrevisione</strong></span> <span class='ocrx_word' id='word_1_59' title='bbox 1072 823 1132 868; x_wconf 85' lang='lat' dir='ltr'><strong>ad</strong></span> <span class='ocrx_word' id='word_1_60' title='bbox 1161 820 1344 866; x_wconf 84' lang='lat' dir='ltr'><strong>sedrias</strong></span> <span class='ocrx_word' id='word_1_61' title='bbox 1373 817 1427 861; x_wconf 89' lang='lat' dir='ltr'><strong>in</strong></span> 
     </span>
     <span class='ocr_line' id='line_1_11' title="bbox 29 895 1428 984; baseline -0.02 -17"><span class='ocrx_word' id='word_1_62' title='bbox 29 919 357 984; x_wconf 66' lang='lat' dir='ltr'><strong>praesentiam</strong></span> <span class='ocrx_word' id='word_1_63' title='bbox 400 915 633 962; x_wconf 86' lang='lat' dir='ltr'><strong>videlicet</strong></span> <span class='ocrx_word' id='word_1_64' title='bbox 672 906 1114 974; x_wconf 79' lang='lat' dir='ltr'><strong>magistratualium</strong></span> <span class='ocrx_word' id='word_1_65' title='bbox 1157 895 1428 946; x_wconf 74' lang='lat' dir='ltr'><strong>transmitti</strong></span> 
     </span>
     <span class='ocr_line' id='line_1_12' title="bbox 31 976 1429 1058; baseline -0.02 -11"><span class='ocrx_word' id='word_1_66' title='bbox 31 1002 272 1056; x_wconf 81' lang='lat' dir='ltr'><strong>debeant,</strong></span> <span class='ocrx_word' id='word_1_67' title='bbox 303 1023 370 1030; x_wconf 93' lang='lat'><strong>—-</strong></span> <span class='ocrx_word' id='word_1_68' title='bbox 423 994 576 1058; x_wconf 89' lang='lat' dir='ltr'><strong>primi</strong></span> <span class='ocrx_word' id='word_1_69' title='bbox 608 998 774 1036; x_wconf 84' lang='lat' dir='ltr'><strong>autem</strong></span> <span class='ocrx_word' id='word_1_70' title='bbox 814 985 911 1033; x_wconf 87' lang='lat' dir='ltr'><strong>fori</strong></span> <span class='ocrx_word' id='word_1_71' title='bbox 934 983 1120 1048; x_wconf 76' lang='lat' dir='ltr'><strong>judices</strong></span> <span class='ocrx_word' id='word_1_72' title='bbox 1155 976 1429 1041; x_wconf 76' lang='lat' dir='ltr'><strong>superrevi-</strong></span> 
     </span>
     <span class='ocr_line' id='line_1_13' title="bbox 32 1066 1429 1141; baseline -0.02 -14"><span class='ocrx_word' id='word_1_73' title='bbox 32 1081 154 1126; x_wconf 87' lang='lat' dir='ltr'><strong>sioni</strong></span> <span class='ocrx_word' id='word_1_74' title='bbox 189 1081 246 1125; x_wconf 90' lang='lat' dir='ltr'><strong>de</strong></span> <span class='ocrx_word' id='word_1_75' title='bbox 281 1075 587 1141; x_wconf 78' lang='lat' dir='ltr'><strong>praescripto</strong></span> <span class='ocrx_word' id='word_1_76' title='bbox 622 1072 742 1134; x_wconf 82' lang='lat' dir='ltr'><strong>legis</strong></span> <span class='ocrx_word' id='word_1_77' title='bbox 777 1071 1012 1114; x_wconf 78' lang='lat' dir='ltr'><strong>interesse</strong></span> <span class='ocrx_word' id='word_1_78' title='bbox 1047 1066 1322 1124; x_wconf 72' lang='lat' dir='ltr'><strong>nequeant,</strong></span> <span class='ocrx_word' id='word_1_79' title='bbox 1367 1071 1429 1100; x_wconf 85' lang='lat' dir='ltr'><strong>ne</strong></span> 
     </span>
     <span class='ocr_line' id='line_1_14' title="bbox 29 1140 1431 1222; baseline -0.017 -20"><span class='ocrx_word' id='word_1_80' title='bbox 29 1159 241 1222; x_wconf 81' lang='lat' dir='ltr'><strong>proinde</strong></span> <span class='ocrx_word' id='word_1_81' title='bbox 281 1157 333 1201; x_wconf 87' lang='lat' dir='ltr'><strong>in</strong></span> <span class='ocrx_word' id='word_1_82' title='bbox 367 1152 692 1199; x_wconf 85' lang='lat' dir='ltr'><strong>urbarialibus</strong></span> <span class='ocrx_word' id='word_1_83' title='bbox 737 1148 939 1195; x_wconf 16' lang='lat' dir='ltr'><strong>sedium,</strong></span> <span class='ocrx_word' id='word_1_84' title='bbox 974 1140 1297 1188; x_wconf 83' lang='lat' dir='ltr'><strong>dominalium</strong></span> <span class='ocrx_word' id='word_1_85' title='bbox 1322 1153 1431 1198; x_wconf 80' lang='lat' dir='ltr'><strong>pro-</strong></span> 
     </span>
     <span class='ocr_line' id='line_1_15' title="bbox 37 1220 1437 1298; baseline -0.016 -16"><span class='ocrx_word' id='word_1_86' title='bbox 37 1237 246 1283; x_wconf 82' lang='lat' dir='ltr'><strong>cessibus</strong></span> <span class='ocrx_word' id='word_1_87' title='bbox 264 1231 705 1298; x_wconf 77' lang='lat' dir='ltr'><strong>superrevidendiS,</strong></span> <span class='ocrx_word' id='word_1_88' title='bbox 726 1226 914 1273; x_wconf 80' lang='lat' dir='ltr'><strong>sedriae</strong></span> <span class='ocrx_word' id='word_1_89' title='bbox 929 1220 1206 1268; x_wconf 79' lang='lat' dir='ltr'><strong>necessariis</strong></span> <span class='ocrx_word' id='word_1_90' title='bbox 1221 1233 1437 1262; x_wconf 84' lang='lat' dir='ltr'><strong>comem-</strong></span> 
     </span>
     <span class='ocr_line' id='line_1_16' title="bbox 35 1298 1431 1375; baseline -0.016 -12"><span class='ocrx_word' id='word_1_91' title='bbox 35 1315 138 1363; x_wconf 80' lang='lat' dir='ltr'><strong>bris</strong></span> <span class='ocrx_word' id='word_1_92' title='bbox 161 1313 610 1375; x_wconf 79' lang='lat' dir='ltr'><strong>magistratualibus</strong></span> <span class='ocrx_word' id='word_1_93' title='bbox 636 1309 981 1354; x_wconf 85' lang='lat' dir='ltr'><strong>destituantur.</strong></span> <span class='ocrx_word' id='word_1_94' title='bbox 1058 1303 1173 1347; x_wconf 87' lang='lat' dir='ltr'><strong>Nro.</strong></span> <span class='ocrx_word' id='word_1_95' title='bbox 1199 1298 1293 1343; x_wconf 71' lang='lat' dir='ltr'><strong>aul.</strong></span> <span class='ocrx_word' id='word_1_96' title='bbox 1322 1301 1431 1344; x_wconf 46' lang='lat'><strong>2704.</strong></span> 
     </span>
     <span class='ocr_line' id='line_1_17' title="bbox 38 1394 331 1448; baseline -0.027 -3"><span class='ocrx_word' id='word_1_97' title='bbox 38 1394 159 1445; x_wconf 15' lang='lat' dir='ltr'><strong>kanni</strong></span> <span class='ocrx_word' id='word_1_98' title='bbox 192 1397 331 1448; x_wconf 69' lang='lat'><strong>1769.</strong></span> 
     </span>
     <span class='ocr_line' id='line_1_18' title="bbox 38 1453 1438 1532; baseline -0.019 -8"><span class='ocrx_word' id='word_1_99' title='bbox 38 1527 44 1532; x_wconf 63' lang='grc'>,</span> <span class='ocrx_word' id='word_1_100' title='bbox 169 1488 214 1524; x_wconf 82' lang='lat'><strong>3.</strong></span> <span class='ocrx_word' id='word_1_101' title='bbox 250 1472 445 1520; x_wconf 84' lang='lat' dir='ltr'><strong>Judices</strong></span> <span class='ocrx_word' id='word_1_102' title='bbox 483 1468 724 1515; x_wconf 83' lang='lat' dir='ltr'><strong>nobilium</strong></span> <span class='ocrx_word' id='word_1_103' title='bbox 761 1480 854 1528; x_wconf 78' lang='lat' dir='ltr'><strong>pro</strong></span> <span class='ocrx_word' id='word_1_104' title='bbox 888 1461 1034 1524; x_wconf 75' lang='lat' dir='ltr'><strong>legali</strong></span> <span class='ocrx_word' id='word_1_105' title='bbox 1066 1455 1346 1504; x_wconf 86' lang='lat' dir='ltr'><strong>testimonio</strong></span> <span class='ocrx_word' id='word_1_106' title='bbox 1384 1453 1438 1498; x_wconf 87' lang='lat' dir='ltr'><strong>in</strong></span> 
     </span>
     <span class='ocr_line' id='line_1_19' title="bbox 12 1532 1436 1610; baseline -0.022 -4"><span class='ocrx_word' id='word_1_107' title='bbox 12 1559 234 1608; x_wconf 83' lang='lat' dir='ltr'><strong>-sedibus</strong></span> <span class='ocrx_word' id='word_1_108' title='bbox 263 1549 589 1600; x_wconf 71' lang='lat' dir='ltr'><strong>dominalihus</strong></span> <span class='ocrx_word' id='word_1_109' title='bbox 622 1551 931 1610; x_wconf 78' lang='lat' dir='ltr'><strong>praesentes,</strong></span> <span class='ocrx_word' id='word_1_110' title='bbox 974 1541 1226 1584; x_wconf 78' lang='lat' dir='ltr'><strong>universos</strong></span> <span class='ocrx_word' id='word_1_111' title='bbox 1263 1536 1314 1578; x_wconf 89' lang='lat' dir='ltr'><strong>in</strong></span> <span class='ocrx_word' id='word_1_112' title='bbox 1359 1532 1436 1575; x_wconf 75' lang='lat' dir='ltr'><strong>iis·</strong></span> 
     </span>
     <span class='ocr_line' id='line_1_20' title="bbox 42 1610 1441 1686; baseline -0.025 1"><span class='ocrx_word' id='word_1_113' title='bbox 42 1641 157 1686; x_wconf 87' lang='lat' dir='ltr'><strong>dem</strong></span> <span class='ocrx_word' id='word_1_114' title='bbox 195 1635 416 1682; x_wconf 85' lang='lat' dir='ltr'><strong>definitos</strong></span> <span class='ocrx_word' id='word_1_115' title='bbox 461 1632 513 1677; x_wconf 91' lang='lat' dir='ltr'><strong>in</strong></span> <span class='ocrx_word' id='word_1_116' title='bbox 558 1646 610 1674; x_wconf 89' lang='lat' dir='ltr'><strong>re</strong></span> <span class='ocrx_word' id='word_1_117' title='bbox 647 1623 885 1673; x_wconf 79' lang='lat' dir='ltr'><strong>urhariali</strong></span> <span class='ocrx_word' id='word_1_118' title='bbox 931 1633 1210 1684; x_wconf 82' lang='lat' dir='ltr'><strong>processus,</strong></span> <span class='ocrx_word' id='word_1_119' title='bbox 1268 1628 1354 1656; x_wconf 85' lang='lat' dir='ltr'><strong>seu</strong></span> <span class='ocrx_word' id='word_1_120' title='bbox 1387 1610 1441 1653; x_wconf 83' lang='lat' dir='ltr'><strong>hi</strong></span> 
     </span>
     <span class='ocr_line' id='line_1_21' title="bbox 46 1693 1444 1782; baseline -0.023 -18"><span class='ocrx_word' id='word_1_121' title='bbox 46 1716 315 1782; x_wconf 79' lang='lat' dir='ltr'><strong>appellati,</strong></span> <span class='ocrx_word' id='word_1_122' title='bbox 375 1729 462 1758; x_wconf 89' lang='lat' dir='ltr'><strong>seu</strong></span> <span class='ocrx_word' id='word_1_123' title='bbox 497 1727 597 1755; x_wconf 89' lang='lat' dir='ltr'><strong>nou</strong></span> <span class='ocrx_word' id='word_1_124' title='bbox 634 1704 865 1768; x_wconf 81' lang='lat' dir='ltr'><strong>appellati</strong></span> <span class='ocrx_word' id='word_1_125' title='bbox 918 1697 1200 1752; x_wconf 83' lang='lat' dir='ltr'><strong>extiterint,</strong></span> <span class='ocrx_word' id='word_1_126' title='bbox 1257 1693 1309 1737; x_wconf 92' lang='lat' dir='ltr'><strong>in</strong></span> <span class='ocrx_word' id='word_1_127' title='bbox 1344 1705 1444 1734; x_wconf 85' lang='lat' dir='ltr'><strong>ma-</strong></span> 
     </span>
     <span class='ocr_line' id='line_1_22' title="bbox 46 1770 1444 1848; baseline -0.021 -2"><span class='ocrx_word' id='word_1_128' title='bbox 46 1817 137 1848; x_wconf 89' lang='lat' dir='ltr'><strong>nus</strong></span> <span class='ocrx_word' id='word_1_129' title='bbox 173 1814 279 1841; x_wconf 79' lang='lat' dir='ltr'><strong>suas</strong></span> <span class='ocrx_word' id='word_1_130' title='bbox 331 1809 442 1838; x_wconf 89' lang='lat' dir='ltr'><strong>cum</strong></span> <span class='ocrx_word' id='word_1_131' title='bbox 490 1786 865 1834; x_wconf 75' lang='lat' dir='ltr'><strong>cohaerentibus</strong></span> <span class='ocrx_word' id='word_1_132' title='bbox 914 1777 1152 1826; x_wconf 85' lang='lat' dir='ltr'><strong>universis</strong></span> <span class='ocrx_word' id='word_1_133' title='bbox 1206 1773 1320 1819; x_wconf 83' lang='lat' dir='ltr'><strong>actis</strong></span> <span class='ocrx_word' id='word_1_134' title='bbox 1390 1770 1444 1816; x_wconf 86' lang='lat' dir='ltr'><strong>in</strong></span> 
     </span>
     <span class='ocr_line' id='line_1_23' title="bbox 51 1850 1446 1944; baseline -0.025 -16"><span class='ocrx_word' id='word_1_135' title='bbox 51 1882 157 1944; x_wconf 87' lang='lat' dir='ltr'><strong>ipso</strong></span> <span class='ocrx_word' id='word_1_136' title='bbox 187 1873 418 1938; x_wconf 72' lang='lat' dir='ltr'><strong>originali</strong></span> <span class='ocrx_word' id='word_1_137' title='bbox 445 1868 707 1932; x_wconf 81' lang='lat' dir='ltr'><strong>recipiant,</strong></span> <span class='ocrx_word' id='word_1_138' title='bbox 742 1859 797 1909; x_wconf 54' lang='lat' dir='ltr'><strong>et‘</strong></span> <span class='ocrx_word' id='word_1_139' title='bbox 815 1863 866 1908; x_wconf 89' lang='lat' dir='ltr'><strong>in</strong></span> <span class='ocrx_word' id='word_1_140' title='bbox 896 1860 1125 1924; x_wconf 85' lang='lat' dir='ltr'><strong>primitus</strong></span> <span class='ocrx_word' id='word_1_141' title='bbox 1152 1850 1446 1915; x_wconf 80' lang='lat' dir='ltr'><strong>celebranda</strong></span> 
     </span>
     <span class='ocr_line' id='line_1_24' title="bbox 56 1930 1448 2011; baseline -0.025 -4"><span class='ocrx_word' id='word_1_142' title='bbox 56 1959 215 2007; x_wconf 84' lang='lat' dir='ltr'><strong>sedria</strong></span> <span class='ocrx_word' id='word_1_143' title='bbox 262 1954 505 2008; x_wconf 81' lang='lat' dir='ltr'><strong>referant,</strong></span> <span class='ocrx_word' id='word_1_144' title='bbox 570 1947 655 2011; x_wconf 86' lang='lat' dir='ltr'><strong>qui</strong></span> <span class='ocrx_word' id='word_1_145' title='bbox 692 1960 946 2009; x_wconf 85' lang='lat' dir='ltr'><strong>processus</strong></span> <span class='ocrx_word' id='word_1_146' title='bbox 986 1943 1037 1986; x_wconf 91' lang='lat' dir='ltr'><strong>in</strong></span> <span class='ocrx_word' id='word_1_147' title='bbox 1074 1938 1246 1984; x_wconf 75' lang='lat' dir='ltr'><strong>eadem</strong></span> <span class='ocrx_word' id='word_1_148' title='bbox 1286 1930 1448 1977; x_wconf 66' lang='lat' dir='ltr'><strong>sedi-ia</strong></span> 
     </span>
     <span class='ocr_line' id='line_1_25' title="bbox 54 2014 1448 2104; baseline -0.024 -18"><span class='ocrx_word' id='word_1_149' title='bbox 54 2038 393 2104; x_wconf 81' lang='lat' dir='ltr'><strong>praeferenter</strong></span> <span class='ocrx_word' id='word_1_150' title='bbox 408 2028 612 2076; x_wconf 90' lang='lat' dir='ltr'><strong>omnino</strong></span> <span class='ocrx_word' id='word_1_151' title='bbox 633 2027 1008 2076; x_wconf 73' lang='lat' dir='ltr'><strong>assummantur,</strong></span> <span class='ocrx_word' id='word_1_152' title='bbox 1034 2014 1448 2066; x_wconf 78' lang='lat' dir='ltr'><strong>determinentur,</strong></span> 
     </span>
     <span class='ocr_line' id='line_1_26' title="bbox 57 2095 1451 2167; baseline -0.024 1"><span class='ocrx_word' id='word_1_153' title='bbox 57 2130 104 2167; x_wconf 86' lang='lat' dir='ltr'><strong>et</strong></span> <span class='ocrx_word' id='word_1_154' title='bbox 140 2127 238 2164; x_wconf 85' lang='lat' dir='ltr'><strong>tam</strong></span> <span class='ocrx_word' id='word_1_155' title='bbox 266 2116 318 2162; x_wconf 92' lang='lat' dir='ltr'><strong>in</strong></span> <span class='ocrx_word' id='word_1_156' title='bbox 355 2113 548 2159; x_wconf 86' lang='lat' dir='ltr'><strong>sedibus</strong></span> <span class='ocrx_word' id='word_1_157' title='bbox 587 2105 946 2158; x_wconf 82' lang='lat' dir='ltr'><strong>dominalibus,</strong></span> <span class='ocrx_word' id='word_1_158' title='bbox 1009 2114 1153 2162; x_wconf 79' lang='lat' dir='ltr'><strong>quam</strong></span> <span class='ocrx_word' id='word_1_159' title='bbox 1193 2095 1343 2141; x_wconf 88' lang='lat' dir='ltr'><strong>etiam</strong></span> <span class='ocrx_word' id='word_1_160' title='bbox 1382 2107 1451 2136; x_wconf 80' lang='lat' dir='ltr'><strong>se-</strong></span> 
     </span>
     <span class='ocr_line' id='line_1_27' title="bbox 56 2172 1451 2261; baseline -0.021 -15"><span class='ocrx_word' id='word_1_161' title='bbox 56 2201 176 2245; x_wconf 80' lang='lat' dir='ltr'><strong>driis</strong></span> <span class='ocrx_word' id='word_1_162' title='bbox 232 2213 323 2261; x_wconf 84' lang='lat' dir='ltr'><strong>pro</strong></span> <span class='ocrx_word' id='word_1_163' title='bbox 377 2187 757 2257; x_wconf 80' lang='lat' dir='ltr'><strong>promovendis,</strong></span> <span class='ocrx_word' id='word_1_164' title='bbox 827 2190 874 2229; x_wconf 87' lang='lat' dir='ltr'><strong>et</strong></span> <span class='ocrx_word' id='word_1_165' title='bbox 920 2177 1244 2226; x_wconf 85' lang='lat' dir='ltr'><strong>defendendis</strong></span> <span class='ocrx_word' id='word_1_166' title='bbox 1296 2172 1451 2221; x_wconf 82' lang='lat' dir='ltr'><strong>causis</strong></span> 
     </span>
     <span class='ocr_line' id='line_1_28' title="bbox 60 2255 1451 2328; baseline -0.022 0"><span class='ocrx_word' id='word_1_167' title='bbox 60 2280 368 2328; x_wconf 84' lang='lat' dir='ltr'><strong>subditorum</strong></span> <span class='ocrx_word' id='word_1_168' title='bbox 401 2271 622 2318; x_wconf 80' lang='lat' dir='ltr'><strong>advocati</strong></span> <span class='ocrx_word' id='word_1_169' title='bbox 649 2266 972 2313; x_wconf 79' lang='lat' dir='ltr'><strong>admittantur</strong></span> <span class='ocrx_word' id='word_1_170' title='bbox 993 2295 1006 2317; x_wconf 89' lang='lat'><strong>,</strong></span> <span class='ocrx_word' id='word_1_171' title='bbox 1041 2261 1093 2304; x_wconf 92' lang='lat' dir='ltr'><strong>in</strong></span> <span class='ocrx_word' id='word_1_172' title='bbox 1122 2259 1294 2320; x_wconf 82' lang='lat' dir='ltr'><strong>hisque</strong></span> <span class='ocrx_word' id='word_1_173' title='bbox 1319 2255 1451 2301; x_wconf 77' lang='lat' dir='ltr'><strong>nulla</strong></span> 
     </span>
     <span class='ocr_line' id='line_1_29' title="bbox 59 2344 1250 2420; baseline -0.02 -12"><span class='ocrx_word' id='word_1_174' title='bbox 59 2362 246 2408; x_wconf 84' lang='lat' dir='ltr'><strong>ratione</strong></span> <span class='ocrx_word' id='word_1_175' title='bbox 277 2355 650 2420; x_wconf 79' lang='lat' dir='ltr'><strong>precipitentur.</strong></span> <span class='ocrx_word' id='word_1_176' title='bbox 718 2350 855 2392; x_wconf 87' lang='lat' dir='ltr'><strong>Instr.</strong></span> <span class='ocrx_word' id='word_1_177' title='bbox 877 2344 1122 2389; x_wconf 80' lang='lat' dir='ltr'><strong>comissar.</strong></span> <span class='ocrx_word' id='word_1_178' title='bbox 1150 2356 1250 2402; x_wconf 80' lang='lat' dir='ltr'><strong>reg.</strong></span> 
     </span>
    </p>

    <p class='ocr_par' dir='ltr' id='par_1_3' title="bbox 66 2414 1457 2742">
     <span class='ocr_line' id='line_1_30' title="bbox 194 2414 1452 2495; baseline -0.025 -7"><span class='ocrx_word' id='word_1_179' title='bbox 194 2446 239 2488; x_wconf 68' lang='lat'><strong>4.</strong></span> <span class='ocrx_word' id='word_1_180' title='bbox 277 2439 432 2483; x_wconf 88' lang='lat' dir='ltr'><strong>Omne</strong></span> <span class='ocrx_word' id='word_1_181' title='bbox 468 2432 743 2495; x_wconf 83' lang='lat' dir='ltr'><strong>objectum,</strong></span> <span class='ocrx_word' id='word_1_182' title='bbox 805 2434 885 2472; x_wconf 82' lang='lat' dir='ltr'><strong>aut</strong></span> <span class='ocrx_word' id='word_1_183' title='bbox 923 2437 1169 2486; x_wconf 75' lang='lat' dir='ltr'><strong>processus</strong></span> <span class='ocrx_word' id='word_1_184' title='bbox 1193 2414 1452 2465; x_wconf 76' lang='lat' dir='ltr'><strong>urbarialis</strong></span> 
     </span>
     <span class='ocr_line' id='line_1_31' title="bbox 66 2496 1455 2580; baseline -0.019 -14"><span class='ocrx_word' id='word_1_185' title='bbox 66 2519 267 2580; x_wconf 82' lang='lat' dir='ltr'><strong>majoris</strong></span> <span class='ocrx_word' id='word_1_186' title='bbox 295 2515 541 2571; x_wconf 83' lang='lat' dir='ltr'><strong>substrati,</strong></span> <span class='ocrx_word' id='word_1_187' title='bbox 577 2511 833 2557; x_wconf 81' lang='lat' dir='ltr'><strong>suscitatur</strong></span> <span class='ocrx_word' id='word_1_188' title='bbox 868 2505 928 2551; x_wconf 85' lang='lat' dir='ltr'><strong>ad</strong></span> <span class='ocrx_word' id='word_1_189' title='bbox 965 2518 1189 2548; x_wconf 82' lang='lat' dir='ltr'><strong>normam</strong></span> <span class='ocrx_word' id='word_1_190' title='bbox 1227 2496 1455 2561; x_wconf 85' lang='lat' dir='ltr'><strong>juridica-</strong></span> 
     </span>
     <span class='ocr_line' id='line_1_32' title="bbox 66 2574 1457 2658; baseline -0.022 -11"><span class='ocrx_word' id='word_1_191' title='bbox 66 2617 179 2649; x_wconf 86' lang='lat' dir='ltr'><strong>rum</strong></span> <span class='ocrx_word' id='word_1_192' title='bbox 215 2613 469 2644; x_wconf 79' lang='lat' dir='ltr'><strong>causarum</strong></span> <span class='ocrx_word' id='word_1_193' title='bbox 503 2611 655 2658; x_wconf 85' lang='lat' dir='ltr'><strong>penes</strong></span> <span class='ocrx_word' id='word_1_194' title='bbox 698 2592 1074 2636; x_wconf 86' lang='lat' dir='ltr'><strong>concernentem</strong></span> <span class='ocrx_word' id='word_1_195' title='bbox 1106 2581 1275 2628; x_wconf 86' lang='lat' dir='ltr'><strong>sedem</strong></span> <span class='ocrx_word' id='word_1_196' title='bbox 1303 2574 1457 2622; x_wconf 81' lang='lat' dir='ltr'><strong>domi-</strong></span> 
     </span>
     <span class='ocr_line' id='line_1_33' title="bbox 69 2657 1457 2742; baseline -0.021 -13"><span class='ocrx_word' id='word_1_197' title='bbox 69 2685 252 2738; x_wconf 84' lang='lat' dir='ltr'><strong>nalem,</strong></span> <span class='ocrx_word' id='word_1_198' title='bbox 276 2684 524 2742; x_wconf 85' lang='lat' dir='ltr'><strong>praesente</strong></span> <span class='ocrx_word' id='word_1_199' title='bbox 546 2671 795 2720; x_wconf 80' lang='lat' dir='ltr'><strong>articulari</strong></span> <span class='ocrx_word' id='word_1_200' title='bbox 811 2666 1110 2720; x_wconf 88' lang='lat' dir='ltr'><strong>testimonio,</strong></span> <span class='ocrx_word' id='word_1_201' title='bbox 1149 2669 1196 2708; x_wconf 82' lang='lat' dir='ltr'><strong>et</strong></span> <span class='ocrx_word' id='word_1_202' title='bbox 1223 2657 1457 2720; x_wconf 75' lang='lat' dir='ltr'><strong>assignata</strong></span> 
     </span>
    </p>
   </div>
   <div class='ocr_carea' id='block_1_3' title="bbox 72 2739 1450 2816">
    <p class='ocr_par' dir='ltr' id='par_1_4' title="bbox 72 2739 1450 2816">
     <span class='ocr_line' id='line_1_34' title="bbox 72 2739 1450 2816; baseline -0.021 -5"><span class='ocrx_word' id='word_1_203' title='bbox 72 2763 255 2812; x_wconf 82' lang='lat' dir='ltr'><strong>colonis</strong></span> <span class='ocrx_word' id='word_1_204' title='bbox 307 2755 573 2809; x_wconf 79' lang='lat' dir='ltr'><strong>assistentia</strong></span> <span class='ocrx_word' id='word_1_205' title='bbox 631 2753 733 2800; x_wconf 84' lang='lat' dir='ltr'><strong>fisci</strong></span> <span class='ocrx_word' id='word_1_206' title='bbox 788 2744 1163 2816; x_wconf 74' lang='lat' dir='ltr'><strong>magistratucdis</strong></span> <span class='ocrx_word' id='word_1_207' title='bbox 1220 2739 1450 2806; x_wconf 75' lang='lat' dir='ltr'><strong>gratuita.</strong></span> 
     </span>
    </p>
   </div>
  </div>
 </body>
</html>
