1669 3189
600 209 668 221 ,m
727 188 812 237 425
873 207 942 219 m

78 303 359 342 tenutorum
403 312 430 341 a
476 296 783 342 dimensione
825 292 1125 359 geometrica
1172 291 1287 336 anni
1326 296 1466 343 13100'

77 377 289 439 huicque
336 379 743 440 superinductum
791 383 1097 421 contractum
1153 371 1266 418 anni
1327 381 1466 420 1811.

77 465 269 503 enatam
287 492 299 515 ,
336 458 659 503 instrumenta
686 456 1000 500 dimensionis
1026 455 1168 498 huius
1199 468 1310 496 cum
1337 468 1466 495 com-

73 538 318 583 binatorio
354 538 539 599 antiqui
573 535 912 580 colonicalium
940 533 1208 579 fundorum
1233 548 1468 595 possesso-

74 617 138 661 rii
167 625 341 672 status,
376 617 537 661 habita
563 632 752 677 quoque
785 613 1098 659 dimensionis
1137 613 1465 674 geometricae

73 703 296 740 actorum
333 695 446 740 anni
482 699 619 751 1769.
645 694 941 749 reflexione,
991 710 1086 738 una
1124 710 1233 738 cum
1264 693 1468 739 conscri-

73 776 322 838 ptionibus
369 775 725 833 urbarialibus,
785 774 984 819 omnino
1039 775 1309 819 necessaria
1352 774 1467 829 sint,

67 843 186 901 *hinc
214 856 468 901 comitatus
492 864 561 901 est
583 873 642 904 eo
666 857 892 912 invimus,
937 862 1028 912 „ut
1043 871 1193 917 penes
1209 855 1468 916 suppletio-

72 955 186 983 nem
228 938 639 999 supplendorum,
698 936 868 980 ohtutu
906 935 1235 999 regulatoriae
1275 942 1465 979 tenuto-

72 1033 184 1061 rum
233 1019 540 1079 procedurae
576 1024 802 1063 naturam
845 1025 892 1061 et
931 1017 1151 1062 indolem
1199 1015 1467 1060 fundorum

4 1124 5 1128 ¹
68 1097 345 1159 processui,
382 1107 429 1146 et
455 1099 761 1144 conventioni
792 1097 907 1142 anni
950 1108 1088 1147 1811.
1111 1096 1466 1142 substratormn

72 1180 168 1222 fide
195 1180 340 1241 digne
366 1179 637 1224 eruendam
663 1179 918 1240 disponat,
971 1176 1290 1239 quantitatem
1311 1184 1463 1220 terra-

70 1275 183 1302 rum
215 1259 645 1302 remanentialium
675 1259 733 1302 ab
759 1258 837 1314 iis,
876 1273 997 1319 quae
1024 1257 1076 1299 in
1103 1261 1351 1299 contractu
1373 1270 1461 1298 seu

69 1337 387 1382 conventioni
415 1339 529 1382 anni
565 1348 701 1385 1811.
724 1339 824 1395 *sub
853 1339 913 1381 D.
943 1352 1047 1379 nro.
1075 1344 1120 1382 8.
1166 1334 1307 1378 titulo
1335 1349 1462 1377 cam-

61 1416 131 1460 hii
162 1422 455 1471 occurrunt,
494 1422 575 1460 aut
601 1433 720 1476 quae
750 1432 886 1459 secus
923 1414 973 1458 in
1004 1429 1235 1475 processu
1262 1412 1463 1457 nomine

67 1497 368 1542 censualium
406 1496 631 1551 veniunt,
695 1512 847 1557 penes
894 1493 1218 1539 conficiendas
1258 1492 1460 1537 tabellas

69 1578 230 1622 debite
281 1575 558 1639 conspectui
593 1576 693 1620 sisti
734 1581 993 1638 procuret,
1040 1572 1317 1637 generatim
1346 1590 1463 1618 vero

67 1658 443 1720 conscriptiones
477 1658 744 1703 urhariales
792 1663 840 1701 et
883 1655 1091 1711 dicales,
1165 1671 1285 1717 quae
1327 1671 1465 1716 prae-

68 1747 271 1784 attactos
294 1739 464 1783 fundos
493 1738 790 1800 respiciunt,
827 1753 925 1782 una
955 1753 1065 1781 cum
1098 1736 1461 1799 antiquioribus

67 1817 213 1873 actis,
275 1832 396 1878 quae
439 1815 593 1861 basim
639 1817 904 1861 decidendo
940 1817 1192 1878 processui
1237 1817 1465 1880 suppedi-

66 1905 192 1952 tant,
239 1898 529 1954 substernat,
571 1900 958 1959 instructumque
985 1899 1147 1943 taliter
1175 1914 1463 1961 processum

74 1976 330 2023 altioribus
358 1979 477 2023 locis
505 1978 806 2024 submittat.“

193 2058 264 2101 Ex
297 2059 576 2120 praemissis
602 2059 807 2103 articulo
837 2059 930 2104 hoe
952 2059 1148 2121 punctis
1168 2059 1338 2104 videre
1373 2064 1462 2115 est,

66 2136 424 2183 dimensionem
454 2140 806 2202 geometricam
840 2140 1095 2185 urbarialis
1119 2140 1358 2195 instituti,
1414 2145 1462 2183 et

65 2219 380 2280 regulationis
424 2222 736 2266 essentialem
771 2228 965 2283 partem
1014 2220 1338 2274 constituere,
1405 2233 1458 2262 ac

63 2296 177 2342 ideo
201 2299 423 2367 judicum
441 2333 456 2357 ,
499 2309 546 2346 et
565 2301 874 2363 publicorum
902 2299 1359 2354 functionarimnm,
1398 2298 1461 2342 al-

64 2378 347 2441 tissimaque
376 2381 643 2427 attentione
671 2383 722 2428 in
752 2381 1033 2426 decidendis
1068 2380 1218 2425 causis
1247 2379 1461 2423 urbaria-

63 2457 192 2503 libus
214 2457 413 2503 omnine
436 2459 633 2523 dignam
670 2478 781 2507 esse.

193 2539 356 2583 Basim
405 2548 451 2585 et
489 2539 862 2586 fundamentum
908 2538 1240 2603 geometricae
1277 2539 1460 2584 dimen-

67 2619 190 2666 sioni
232 2620 508 2681 suppeditat
553 2621 842 2683 conscriptio
897 2620 1155 2664 urharialis
1198 2626 1245 2663 et
1286 2617 1458 2662 relatio

68 2700 435 2758 executiomalis9
495 2718 616 2763 quae
669 2718 760 2762 per
820 2708 1126 2763 geometram
1175 2698 1458 2743 comitaten-

67 2798 199 2839 sem,
250 2798 352 2831 non
381 2782 593 2831 obstante
629 2798 714 2840 ec,
780 2781 910 2844 quod
942 2797 998 2828 ex
1035 2786 1174 2846 parte
1219 2776 1459 2826 dominio·
