1669 3189
807 173 816 190 l

641 166 984 214 *0343*-

100 281 153 319 ut
198 274 325 318 intra
359 272 591 318 bimestre
623 272 835 335 spatium
883 289 910 318 a
945 272 1024 319 die
1060 274 1403 335 publicationis
1436 278 1490 323 in

99 354 322 417 generali
355 355 732 417 congregatione
761 354 1112 416 absquepomni
1143 370 1283 399 mora
1314 358 1494 417 praefi-

98 435 249 498 gemla
271 434 599 479 instituendae
630 434 1033 495 computandum,
1066 435 1414 503 praestationes
1442 436 1494 481 in

100 514 273 559 eadem
322 514 624 576 regulatione
673 528 930 574 expressae
976 530 1028 558 ac
1077 513 1306 560 definitae
1348 532 1492 560 suum

99 594 296 639 initium
318 599 565 637 summant
584 625 598 648 ,
635 600 682 636 et
703 588 974 655 aequalfter
1000 592 1212 656 ubique,
1265 612 1317 641 ac
1345 611 1492 658 quam

100 673 399 720 exactissime
430 673 763 719 observentur.
831 674 889 718 Et
925 674 1037 735 quia
1067 673 1198 733 juxta
1234 675 1280 722 b.
1314 675 1493 720 resolu-

99 755 284 798 tionem
308 752 497 816 regiam
516 769 641 800 nova
660 754 781 798 haec
802 754 1064 799 urbarialis
1091 756 1332 818 regulatio
1359 754 1493 799 cuili-

97 835 181 879 bet
195 834 289 879 loci
307 834 651 879 communitati
667 835 962 880 extradanda
974 835 1153 892 veniat,
1183 837 1300 881 haec
1328 843 1493 880 autem

97 916 136 959 si
171 915 375 959 totidem
406 914 595 959 vicibus
631 914 1030 972 describeretur,
1074 922 1180 960 tum
1213 932 1381 978 graves
1416 932 1493 960 ex-

94 1012 299 1057 pensas,
347 994 419 1039 uti
442 996 673 1041 hactenus
705 1003 1018 1058 compertum
1056 1003 1150 1053 est,
1199 1013 1310 1041 cum
1350 1004 1397 1040 et
1420 996 1490 1039 in-

97 1092 209 1137 gens
244 1075 561 1137 dispendium
600 1077 863 1138 temporis,
932 1077 1065 1121 intra
1112 1077 1243 1138 quod
1280 1076 1492 1121 totidem

97 1156 399 1217 exemplaria
425 1156 591 1217 parari
627 1164 845 1218 possent,
889 1157 972 1202 sed
1003 1162 1050 1202 et
1075 1173 1274 1221 magnos
1301 1156 1492 1202 labores

95 1236 212 1296 ipsis
237 1235 697 1297 magist-ramalibus,
723 1251 817 1295 quo
842 1236 1023 1281 similia
1038 1236 1340 1297 exemplaria
1356 1251 1489 1280 accu-

98 1322 227 1368 rate,
272 1322 319 1357 et
342 1313 446 1357 sine
471 1314 630 1373 aliquo
660 1313 775 1357 vitio
800 1314 1119 1358 conformiter
1149 1314 1492 1375 expediantur,

99 1401 147 1437 et
179 1392 525 1446 exn-aetenum,
583 1407 695 1435 cum
721 1393 1002 1437 avocatione
1047 1395 1107 1438 ab
1144 1394 1248 1437 aliis
1287 1394 1379 1437 sibi
1420 1392 1492 1437 in.-

98 1471 436 1517 cumbentibus
465 1470 676 1534 negotiis
703 1471 911 1532 publicis
937 1480 1217 1534 generaret,
1239 1472 1361 1515 adeo
1389 1472 1491 1533 qui-

98 1554 237 1608 dem,
288 1559 341 1597 ut
364 1552 441 1596 vel
461 1568 550 1613 per
572 1552 755 1595 horum
789 1551 1172 1613 descriptionem
1204 1567 1257 1595 ac
1288 1566 1492 1612 praepa-

99 1633 336 1679 rationem
360 1633 465 1695 ipse
502 1648 788 1696 progressus
813 1631 1134 1694 regulationis
1157 1630 1493 1692 maximopere

99 1714 440 1758 retardaretur
459 1746 471 1768 ,
521 1712 637 1757 hinc
660 1712 801 1757 unice
838 1729 931 1774 pro
965 1712 1323 1758 acceleratione
1352 1729 1495 1774 nego-

98 1794 185 1849 tii,
222 1800 269 1838 et
296 1792 358 1837 ad
383 1792 631 1837 evitandos
663 1800 882 1854 sumptus
899 1826 911 1849 ‚
959 1792 1351 1855 lucrandumque
1378 1800 1496 1837 tem-

100 1891 222 1935 pus,
272 1872 478 1917 eandem
506 1872 864 1933 regulationem
906 1872 1032 1934 typis
1071 1874 1295 1917 mandari
1322 1874 1496 1918 consti-

106 1954 200 1998 tuit
228 1952 522 1998 summesata
543 1950 771 2011 Majestas
813 1969 898 1997 sua
939 1955 1256 2000 sacratissima
1283 1972 1338 2000 ea
1362 1971 1495 2000 nem-

102 2052 164 2096 pe
208 2034 425 2090 ratione,
479 2021 535 2077 ut
574 2041 723 2094 prout
763 2034 1130 2080 constitutivum
1165 2034 1384 2081 sessionis
1426 2036 1495 2079 ita

103 2122 149 2159 et
183 2114 412 2177 obligatio
441 2112 668 2158 laborum
705 2112 941 2177 jugalium
966 2117 1284 2176 praestanda,
1338 2131 1494 2160 nonae

100 2194 218 2239 item
240 2194 291 2237 in
312 2202 488 2239 natura
506 2195 584 2239 vel
610 2195 662 2239 in
679 2195 806 2256 quali
825 2189 1152 2257 aequivalenti
1181 2195 1490 2240 desummen-

104 2274 224 2330 dae,
262 2277 624 2338 exemplaribus
655 2276 915 2321 urbarialis
941 2278 1260 2339 regulationis
1296 2291 1388 2338 per
1416 2292 1493 2320 ex-

101 2373 353 2418 pressum,
400 2363 445 2402 et
469 2357 795 2401 determinate
822 2364 959 2407 (cum
982 2356 1391 2412 indeterminata,
1445 2364 1492 2402 et

109 2437 419 2483 subditorum
469 2437 802 2482 conditionata
855 2438 1116 2498 praestatio
1172 2437 1336 2482 eidem
1401 2438 1492 2482 im-

102 2534 268 2579 presso
290 2516 526 2562 urbariali
550 2517 875 2563 instrumento
896 2518 1048 2564 inseri
1069 2524 1302 2581 nequeat)
1325 2517 1491 2562 inseri.

104 2599 271 2653 batur,
328 2613 381 2641 ac
408 2597 603 2643 tandem
630 2597 718 2643 sub
751 2597 1029 2653 authentico
1050 2599 1306 2645 comitatus
1332 2598 1488 2661 sigillo

101 2676 536 2722 communitatibus
566 2680 786 2725 locorum
815 2680 1107 2728 extradetur.

234 2770 277 2807 2.
314 2761 472 2823 Quam
516 2760 665 2807 etiam
717 2761 1078 2825 in'praemissis
1129 2762 1486 2824 exemplaribus
