1669 3189
774 186 856 239 35¹7
917 207 982 222 ww

647 209 716 218 ιιι,

112 314 222 342 rum
257 296 634 350 restantiarum9
674 300 956 355 computum
999 308 1112 336 cum
1147 292 1372 337 antelatis
1402 293 1506 337 sub-

112 377 223 422 ditis
253 377 554 432 ineundum,
591 382 637 421 et
667 391 764 419 una
789 375 880 418 hac
910 375 1161 422 occasione
1205 391 1261 418 eo
1299 372 1502 418 sollicite

111 459 498 503 adlaborandum
527 456 803 510 habebunt,
851 462 904 498 ut
942 456 982 500 si
1027 472 1150 518 quae
1188 454 1336 499 etiam
1373 454 1505 516 inter

106 539 367 583 dominu-‘n
416 543 727 589 terrestrem,
792 542 839 579 et
904 536 1006 597 ejus
1069 536 1283 582 subditos
1340 540 1506 579 extant

108 617 461 681 praetensiones
478 649 491 671 9
527 617 616 659 hae
635 616 779 676 plene
806 621 854 659 et
880 631 937 659 ex
978 616 1168 679 integro
1195 618 1506 679 complanen-

107 708 214 750 tur,
250 696 379 741 acin
418 702 651 757 quantum
711 695 943 757 possibile
978 696 1103 753 erit9
1138 716 1228 759 pro
1266 715 1420 760 aequo
1460 703 1507 741 et

106 781 232 843 justo
260 783 432 820 mutua
464 776 854 838 compensatione
881 778 1173 823 sufferantur
1196 813 1209 834 9
1245 780 1373 824 cirea
1392 795 1505 839 quas

107 857 611 902 tamen-subditorum
638 857 893 902 restantias
920 858 1130 921 benigne
1159 859 1507 903 declarandum

107 938 242 984 duxit
282 954 472 982 summe
522 937 617 982 sata
673 939 905 1001 lVIajestas
947 939 1300 996 sacratissima,
1377 938 1509 1000 quod

108 1019 528 1082 quemadmodum
558 1019 790 1065 hactenus
817 1021 1131 1066 subditorum
1154 1022 1377 1065 robottae
1409 1018 1509 1079 ple-

106 1116 317 1162 rumque
354 1098 642 1156 arbitrarie9
681 1109 729 1145 et
775 1118 952 1164 magna
988 1102 1040 1147 in
1081 1110 1220 1164 parte
1263 1099 1507 1145 excessivo

105 1197 315 1225 numero
359 1187 551 1225 exactae
597 1188 738 1237 sunt9
804 1181 871 1226 ita
919 1181 1071 1226 etiam
1127 1182 1179 1226 in
1221 1187 1509 1241 computum

106 1260 346 1322 ejusmodi
369 1259 718 1303 restantiarum
751 1260 911 1304 datiae
941 1262 1142 1321 quidem
1184 1269 1232 1305 et
1286 1262 1508 1321 reliquae

107 1338 457 1399 praestationes
479 1370 492 1390 9
528 1338 803 1381 nullatenus
837 1355 958 1382 vero
1017 1340 1275 1384 servitutes
1318 1340 1510 1384 colono-

107 1434 218 1461 rum
247 1414 569 1460 assumendae
600 1422 759 1459 erunt.

238 1499 281 1543 6.
318 1495 547 1557 Quamvis
581 1511 731 1555 porro
770 1502 875 1538 tum
903 1495 1099 1556 publica
1129 1497 1263 1559 lege,
1309 1515 1422 1543 cum
1464 1507 1508 1542 et

108 1577 332 1640 pluribus
366 1575 412 1621 b.
453 1575 844 1620 ordinationibus
874 1576 1021 1638 regiis
1046 1584 1281 1621 statutum
1312 1578 1511 1622 habere-

110 1666 190 1703 tur
210 1691 223 1714 9
251 1665 305 1701 ut
345 1674 441 1702 non
473 1657 622 1702 modo
644 1673 813 1702 omnes
840 1674 1058 1702 excessus
1094 1658 1354 1721 diligenter
1375 1676 1512 1719 prae-

109 1745 365 1783 caveantur
387 1771 399 1793 9
438 1737 525 1781 sed
560 1737 711 1782 etiam
746 1737 850 1798 ipsa
874 1738 1056 1783 telonia
1085 1738 1208 1782 sicca
1229 1771 1242 1794 9
1273 1739 1507 1800 omnique

110 1819 374 1881 privilegio
414 1817 644 1863 destituta
687 1818 977 1879 simpliciter
1016 1819 1340 1881 abrogentur,
1392 1820 1509 1882 quia

111 1906 276 1944 tamen
314 1915 426 1942 suae
459 1897 708 1958 NIajestati
739 1898 1088 1944 sacratissimae
1120 1900 1331 1944 relatum
1356 1908 1507 1956 esset,

110 1978 164 2022 in
193 1977 438 2022 nonnullis
469 1976 589 2021 locis
634 1976 919 2037 hujusmodi
954 1979 1142 2023 telonia
1187 1981 1335 2025 etiam
1378 1998 1507 2025 nunc

108 2057 276 2119 vigere
295 2090 307 2113 9
342 2057 457 2102 hinc
491 2074 548 2101 ex
573 2065 712 2118 parte
742 2059 998 2104 comitatus
1027 2060 1314 2105 omnimode
1337 2061 1509 2112 invigi-

107 2138 311 2182 landum
338 2138 432 2182 erit
453 2171 466 2194 9
500 2146 552 2182 ut
580 2139 794 2201 illegalia
835 2140 1077 2201 ejusmodi
1102 2142 1310 2198 telonia,
1344 2158 1396 2184 ac
1423 2141 1506 2186 alii

112 2217 260 2261 etiam
312 2217 643 2281 cujuscunque
686 2221 910 2282 generis,
959 2230 1005 2267 et
1056 2220 1269 2283 speciei,
1328 2228 1376 2265 et
1415 2238 1507 2282 per

114 2315 424 2361 quoscunque
447 2300 666 2357 inducti9
699 2309 962 2364 contraque
998 2310 1229 2347 tenorem
1278 2302 1508 2364 positiva-

114 2394 228 2421 rum
249 2379 387 2440 regni
415 2380 580 2442 legum
607 2381 792 2442 patrari
830 2382 957 2426 soliti
993 2382 1247 2426 teloniales
1283 2397 1503 2425 excessus

111 2458 256 2519 plene
288 2459 549 2515 tollantur,
589 2463 942 2524 subsequenter
975 2463 1067 2508 hac
1091 2462 1143 2506 in
1189 2469 1331 2523 parte
1371 2478 1506 2506 exce...

114 2537 281 2582 dentes
309 2538 510 2585 ‘domini
556 2548 816 2589 terrestres
853 2543 1049 2606 praevie
1086 2559 1175 2605 per
1220 2541 1508 2586 comitatum

114 2620 242 2665 serio
269 2631 672 2669 commoneantur
696 2657 709 2680 9
758 2631 808 2668 et
850 2624 888 2668 si
924 2640 1014 2668 nec
1063 2639 1180 2686 erga
1217 2623 1343 2667 hanc
1379 2639 1507 2667 com.-

113 2701 437 2746 monitionem
461 2717 487 2745 a
517 2703 859 2749 continuandis
903 2702 1185 2766 hujusmodi
1232 2705 1503 2749 excessibus

118 2779 435 2840 desisterent,
480 2790 642 2831 attunc
688 2784 937 2830 mediante
974 2785 1125 2831 etiam
1178 2786 1364 2834 actione
1402 2785 1503 2833 fisci
