1669 3189
82 286 286 307 tmsww
293 290 364 304 mum
370 287 719 305 mnwmssmm
725 286 1145 302 mmmmm
1153 286 1428 303 mammw,

205 877 317 945 *DE
364 878 770 923 URBARIALI
824 874 1267 921 INSTITUTO.

477 1062 901 1123 CAPUT
979 1060 1026 1125 I.

58 1184 154 1244 De
202 1188 469 1246 urbariali
515 1187 708 1246 edicto
759 1188 890 1245 anni
940 1187 1104 1262 1767.
1153 1183 1453 1256 eidemque

123 1280 339 1338 adnexa
367 1278 722 1352 regulatione
740 1317 755 1344 ‚
799 1292 857 1333 et
878 1277 1166 1350 primitiva
1188 1275 1393 1332 instru-

501 1367 695 1424 ctione
720 1367 1012 1429 urbariali,

617 1521 903 1533 mnu-numm

64 1698 102 1734 1.
138 1654 374 1749 Benigna
396 1685 637 1748 rescripta
660 1686 797 1750 regia
813 1687 866 1731 in
890 1702 943 1731 re
963 1683 1200 1732 urbariali
1224 1683 1354 1730 edita
1383 1691 1452 1730 sat

60 1766 334 1811 luculenter
378 1774 645 1822 testantur,
717 1775 1020 1830 quantopere
1075 1774 1294 1811 materna
1342 1781 1454 1810 suae

62 1846 333 1891 Maiestatis
367 1847 715 1892 sacratissimae
741 1864 885 1904 cura,
936 1854 982 1891 et
1017 1845 1291 1892 sollicitudo
1318 1846 1456 1906 regia

62 1942 120 1970 eo
158 1926 388 1970 continuo
425 1926 485 1971 sit
523 1927 734 1984 directa,
781 1935 834 1973 ut
876 1927 1075 1990 quidem
1102 1932 1238 1988 parte
1273 1941 1330 1970 ex
1359 1940 1457 1969 una

63 2003 255 2049 domini
288 2012 542 2050 terrestres
589 2006 641 2050 in
676 2006 815 2069 justis
850 2007 944 2052 suis
982 2008 1171 2070 juribus
1213 2006 1361 2049 liberi
1399 2022 1451 2050 ac

57 2082 305 2128 immunes
333 2095 714 2143 conserventur,
764 2094 902 2148 parte
938 2104 1053 2132 vero
1084 2088 1142 2131 ab
1170 2088 1324 2131 altera
1348 2103 1456 2131 eon-

55 2165 317 2209 servationi
360 2165 572 2211 miserae
627 2168 984 2213 contribuentis
1020 2168 1202 2229 plebis,
1269 2176 1457 2213 etcum

59 2245 150 2289 hac
168 2245 572 2291 indissolubiliter
593 2263 809 2292 connexo
832 2249 975 2293 totius
997 2247 1146 2293 etiam
1169 2265 1187 2290 r
1198 2248 1306 2310 egui
1327 2262 1456 2290 com-

59 2325 207 2369 modo
249 2342 393 2387 quam
430 2327 618 2388 optime
668 2326 1025 2389 prospiciatur,
1081 2343 1106 2370 a
1144 2324 1460 2386 consequenti

60 2405 236 2450 eadem
267 2407 580 2452 contribuens
620 2408 757 2469 plebs
794 2408 852 2452 ab
886 2406 1021 2451 omni
1059 2405 1238 2466 injusta
1267 2411 1316 2448 et
1355 2404 1459 2448 ille-

59 2484 157 2547 gali
186 2486 500 2532 dominorum
525 2490 835 2534 terrestrium
859 2486 1174 2551 oppressione
1194 2493 1295 2530 tuta
1318 2501 1459 2547 prae-

61 2572 311 2621 servetur,
360 2585 506 2629 quem
542 2570 691 2614 etiarn
718 2569 770 2614 in
800 2570 949 2613 finem
977 2568 1094 2611 sicut
1135 2565 1459 2611 conformiter

60 2647 188 2710 legi,
246 2655 294 2692 et
324 2647 467 2708 legali
496 2647 833 2693 consuetudini
879 2647 1176 2691 elaboratam
1200 2644 1461 2707 regulatio-

64 2745 180 2773 nem
206 2728 507 2774 urbarialem
531 2729 954 2785 introducendam,
991 2746 1043 2773 ac
1070 2744 1161 2789 per
1185 2727 1236 2770 id
1264 2743 1458 2781 omnes,

67 2808 149 2871 qui
184 2809 413 2857 hactenus
443 2809 696 2873 vigebant,
748 2827 800 2859 ac
827 2810 880 2859 in
910 2809 1274 2860 enervationem
1300 2814 1347 2854 et
1377 2821 1459 2867 op-
