1669 3189
712 227 779 239 „2-
839 210 924 254 4⁰4
979 224 1048 236 »nm

188 336 330 384 quam
350 316 593 380 adoptatio
610 327 812 359 normae
837 311 985 367 illius,
1014 323 1109 373 qua
1135 308 1381 357 mediante
1415 311 1576 356 coloni

192 402 361 447 habito
398 404 681 443 cunctorum
715 392 1094 448 beneficiorum,
1145 407 1352 453 quorum
1379 391 1578 454 partici-

184 498 271 545 pes
299 478 604 530 redduntur,
651 489 958 536 onerumque
995 479 1041 518 et
1081 471 1374 517 servitutum
1400 471 1579 516 iisdem

185 561 719 611 comniensuratarum,
755 553 927 615 quibus
964 551 1186 597 dominio
1213 551 1312 614 jam
1348 566 1374 594 a
1402 550 1580 612 primis

185 636 329 700 regni
361 634 665 680 incunabulis
695 635 868 679 obtutu
896 632 1161 678 subditelae
1190 630 1582 694 obstringuntur,

187 716 398 772 calculo,
449 715 499 759 in
533 721 770 777 quantum
798 715 901 777 ipsa
926 714 1040 775 justi
1078 711 1204 756 ratio
1235 711 1469 774 deposcit,
1524 710 1586 754 ci-

186 803 263 840 tra
294 811 540 840 excessum
574 802 622 839 et
663 810 976 849 mensuram,
1034 794 1187 837 relate
1226 792 1287 835 ad
1329 790 1585 836 necessita·

1648 827 1669 878 »ἑ

187 884 289 921 tem
312 875 642 921 subsistentiae
678 874 866 936 aequali
904 872 1227 935 proportione
1252 869 1451 914 tractari
1478 886 1609 931 pos-¹
1663 891 1665 894 ·

186 958 306 1015 sint,
352 964 400 1002 et
430 957 649 1002 debeant.
684 980 749 986 —-
784 955 883 998 Hoc
923 953 1086 1015 ipsum
1119 968 1234 998 vero
1277 968 1335 996 eo
1376 950 1580 1013 majoris

188 1046 260 1083 est
302 1037 582 1082 attentionis
601 1069 614 1092 ,
651 1051 744 1097 quo
776 1034 828 1077 in
854 1033 1223 1078 elucubratione
1253 1033 1474 1094 ejusdem
1496 1024 1583 1076 ob-

184 1117 299 1180 jecti
317 1117 546 1177 majores,
591 1115 760 1177 quibus
778 1113 995 1158 severior
1026 1113 1223 1158 attentio
1246 1113 1399 1157 tribui
1420 1113 1581 1167 debet,

187 1206 476 1242 enascuntur
502 1195 832 1249 difficultates,
869 1201 1067 1255 tamque
1095 1191 1386 1253 complicata
1412 1192 1588 1237 calculi

185 1275 446 1320 urbarialis
500 1275 652 1330 ratio,
722 1280 775 1317 ut
824 1262 1149 1334 adaequatam
1216 1272 1482 1317 obtinentis
1533 1272 1589 1316 in

185 1362 287 1398 toto
324 1371 477 1417 regno
506 1352 699 1413 ejectati
733 1351 1031 1396 constitutivi
1068 1351 1258 1406 ideam,
1307 1370 1392 1399 seu
1419 1354 1587 1416 'potius

190 1435 392 1490 clavim,
431 1433 512 1477 cui
544 1432 768 1496 ejectatio
794 1434 913 1477 haec
941 1449 1039 1476 non
1065 1431 1114 1475 in
1141 1448 1323 1494 genere
1355 1435 1589 1479 duntaxat

187 1515 272 1559 sed
300 1512 676 1558 individualiter
716 1513 863 1557 etiam
901 1511 1164 1567 innitatur,
1214 1513 1495 1574 conspectui
1539 1520 1586 1558 et

192 1594 480 1655 defigendae
529 1609 637 1636 cum
682 1590 941 1653 principiis
981 1607 1183 1637 normae
1225 1591 1278 1635 in
1325 1595 1587 1655 complexu

187 1675 359 1719 sistere
380 1707 392 1729 ,
442 1675 662 1735 plurium
698 1690 939 1718 annorum
970 1672 1402 1720 administrationis
1430 1672 1588 1733 puhli-

189 1771 271 1798 cae
297 1769 464 1798 curam
501 1753 684 1797 merito
721 1752 771 1797 in
804 1769 853 1798 sc
902 1753 1194 1815 complecti,
1247 1762 1292 1800 et
1332 1752 1586 1798 involvere

190 1833 430 1879 videatur.

321 1914 661 1970 Classificatio,
719 1920 764 1957 et
808 1913 1099 1974 conscriptio
1133 1914 1388 1969 locorum,
1445 1921 1587 1976 atque

185 2002 434 2055 respectus
458 1994 837 2051 beneficiorum,
898 2000 946 2039 et
975 1993 1348 2049 maleficiorum,
1390 1992 1466 2045 (in
1506 1994 1581 2040 his

188 2074 322 2119 enim
359 2073 636 2117 desiderata
667 2073 810 2117 clavis
855 2071 984 2133 juxta
1021 2072 1210 2119 urbarii
1241 2073 1470 2134 spiritum
1506 2074 1586 2119 de-
1637 2114 1658 2123 ,,

188 2152 380 2214 figitur)
418 2160 528 2197 sunt
568 2151 814 2214 principia
862 2152 1140 2214 generalia,
1196 2169 1315 2214 quae
1352 2155 1583 2213 quemad-

187 2232 393 2277 modum
417 2239 558 2293 parte
586 2250 643 2277 ex
681 2233 844 2278 unain
861 2231 1279 2294 theoriajustitiae
1295 2232 1476 2291 innixa,
1506 2253 1586 2298 ge-

188 2312 423 2357 neraliter
456 2311 621 2357 habita
661 2313 721 2357 ad
755 2313 995 2358 districtus
1034 2311 1325 2369 reflexione,
1375 2314 1578 2360 omnino

188 2393 395 2452 probam
434 2399 732 2451 sustentant,
778 2394 844 2439 ita
871 2401 1011 2455 parte
1057 2394 1335 2451 ex'altera,
1385 2403 1581 2457 sumpto

188 2480 387 2516 mutuae
416 2475 722 2520 subditorum
746 2473 1111 2520 individualiter
1138 2474 1269 2519 inter
1297 2490 1374 2531 se,
1434 2483 1483 2521 et
1520 2478 1581 2522 ad

192 2550 436 2596 districtus
477 2556 618 2618 regni
658 2555 993 2600 correlationis
1042 2571 1206 2611 nexu,
1266 2563 1580 2619 spectataque

170 2631 546 2693 ‘possessionum
571 2636 629 2680 ad
655 2652 802 2680 unam
826 2635 1126 2697 eandemque
1150 2635 1349 2680 classem
1378 2636 1580 2680 colloca-

194 2719 387 2767 tarum,
424 2714 809 2778 colonorumque
838 2716 981 2760 unius
1008 2714 1326 2777 ejusdemque
1359 2715 1578 2760 sessionis

191 2791 250 2835 ad
278 2808 322 2838 se
348 2792 556 2838 invicem
587 2794 883 2856 differentia,
919 2797 980 2843 ad
1006 2794 1298 2859 particulare
1330 2812 1576 2860 peraeque
