1669 3189
720 186 789 197 ω
845 165 931 214 544
989 188 1058 200 ww

191 271 311 327 bili,
347 285 406 314 eo
449 269 609 327 minus
646 267 882 332 derogare
927 278 1170 333 queunte,
1205 288 1310 319 eam
1345 274 1437 320 sihi
1475 293 1586 322 ven·

193 348 357 392 dicare
399 348 617 398 valeant,
651 344 911 394 formatam
941 367 1034 410 per
1064 352 1261 397 eosdem
1299 356 1360 399 ad
1391 354 1494 415 jus,
1535 368 1588 400 ac

194 429 556 489 proprietatem
611 426 803 486 paludis
847 431 1238 490 praetensionem
1287 432 1637 494 infundatams

198 506 402 559 censeri,
425 505 762 555 etdominium
779 512 828 556 in
844 513 934 557 hoc
977 511 1101 573 jure,
1128 520 1176 557 et
1200 513 1516 574 proprietate,
1540 514 1588 559 vi

203 584 498 645 praeallatae
523 586 791 635 donationis
809 593 1038 638 continuo
1063 591 1590 641 etiamliteralibusdo-
1656 630 1658 632 ψ

198 663 440 709 cumentis
464 666 621 712 evicto
641 686 724 715 usu
748 673 971 718 firmatae
995 672 1138 718 unice
1179 680 1483 736 competente
1501 680 1591 718 sta·
1660 653 1664 662 k

188 758 345 807 biliri.
369 785 433 791 —-
467 759 655 804 Verum
691 755 948 800 eveniente
987 770 1043 799 ex
1078 755 1313 816 producto
1349 753 1589 800 dominali

195 840 285 884 sub
325 840 407 884 Nr.
453 852 524 886 11.
573 853 663 892 ρο,
709 837 842 897 quod
880 826 991 896 pars
1038 837 1168 897 prati
1202 836 1414 898 Varhely
1440 834 1591 892 dicti,

193 921 373 966 virtute
418 915 755 963 transactionis
808 914 934 960 inter
976 916 1208 960 comitem
1249 916 1493 977 Szapary,
1535 930 1589 958 ac

194 1000 469 1062 oppidanos
507 1013 632 1042 anno
676 1005 797 1043 1752
824 995 935 1039 initi
960 1003 1139 1055 puncto
1171 1006 1216 1044 8.
1246 995 1425 1040 iisdem
1455 994 1593 1056 oppi-

190 1081 332 1126 danis
369 1094 501 1124 cessa
521 1078 780 1132 habeatur,
816 1082 867 1121 ut
893 1082 947 1120 ut
970 1075 1022 1119 hi
1051 1076 1426 1121 transactionem
1451 1075 1588 1119 illam

198 1158 386 1222 partim
425 1155 916 1211 contradictionibus,
951 1154 1134 1216 partim
1179 1154 1394 1208 effective
1447 1154 1590 1200 motis
1646 1145 1652 1149 ⁶

197 1238 476 1300 prioribus,
541 1254 593 1282 ac
637 1236 889 1283 modernis
910 1236 1213 1298 processibus
1243 1237 1471 1282 continuo
1500 1238 1592 1284 im-

193 1318 571 1381 pugnaverint„
622 1318 736 1379 quia
788 1324 949 1361 tamen
997 1316 1275 1361 dominium
1318 1321 1594 1381 praescrip·
1650 1316 1663 1358 i

192 1405 295 1442 tam
347 1397 722 1443 conventionem
779 1397 840 1440 ad
901 1396 1122 1441 effectum
1173 1397 1484 1454 deducendo,
1538 1398 1593 1443 in

193 1477 416 1539 ejusdem
458 1494 552 1522 usu
600 1479 659 1522 ad
696 1478 826 1522 hunc
879 1494 1026 1538 usque
1062 1476 1193 1521 diem
1232 1477 1592 1539 permanserit,

193 1557 411 1618 adeoque
440 1560 740 1621 oppidanam
770 1558 1190 1612 communitatem,
1214 1557 1266 1600 in
1290 1554 1591 1618 possessorio

193 1643 396 1681 attactae
421 1639 592 1700 plagae
623 1636 746 1680 sacto
788 1636 991 1697 proprio
1027 1634 1341 1693 stabiliverit,
1377 1637 1498 1682 hanc
1528 1637 1593 1681 ei·

198 1718 313 1761 dem
339 1733 488 1777 porro
527 1732 718 1778 quoque
749 1716 835 1759 sub
863 1714 1101 1759 limitibus
1140 1721 1189 1758 et
1222 1715 1585 1761 conditionibus
1632 1761 1634 1763 .

194 1797 374 1841 eodem
401 1802 579 1857 puncto
609 1804 651 1843 8.
688 1793 925 1855 expressis
957 1793 1136 1838 salvam
1164 1793 1593 1857 relinqui.--Non

195 1892 328 1922 secus
378 1884 425 1920 et
462 1877 511 1919 in
548 1891 640 1920 usu
672 1874 842 1938 plagae
868 1873 994 1935 Polaj
1034 1873 1226 1937 Szigeth
1263 1890 1353 1936 per
1378 1882 1594 1921 contrac-
1666 1879 1667 1904 ¹

198 1963 302 2001 tum
356 1956 467 2000 anni
499 1967 638 2003 1710.
670 1956 789 1999 Nro.
834 1965 903 2001 12.
942 1953 1201 2015 oppidanis
1236 1970 1328 2016 pro
1363 1972 1591 2017 pascuo

196 2053 390 2094 cessae,
426 2035 602 2080 iisdem
630 2051 686 2079 ex
708 2033 1067 2090 fundamentis,
1106 2042 1152 2079 et
1179 2035 1265 2079 sub
1302 2030 1594 2080 conditioni-

195 2117 287 2162 bus
337 2114 748 2161 contractualibus
782 2113 1050 2177 oppidanos
1079 2113 1383 2159 stabiliri.—-
1416 2116 1455 2159 E
1486 2133 1593 2161 con-

193 2206 272 2244 tra
308 2199 584 2244 falcastrum
622 2195 858 2258 Stephani
900 2194 1105 2242 Bencsik
1159 2195 1210 2240 in
1239 2211 1472 2257 processu
1513 2212 1593 2241 ur·
1644 2219 1645 2222 =

194 2280 371 2324 bariali
417 2280 504 2323 snb
546 2279 606 2323 D.
640 2283 820 2339 puncto
854 2279 928 2324 16.
961 2275 1022 2320 ad
1044 2274 1174 2319 hunc
1200 2291 1487 2337 processum
1517 2292 1593 2321 re-

193 2360 437 2422 legatum,
479 2358 710 2420 quoniam
757 2356 993 2420 oppidani
1041 2355 1162 2401 illud
1189 2355 1240 2401 in
1262 2363 1401 2418 prato
1437 2356 1594 2402 domi·
1639 2366 1661 2397 2

196 2440 295 2484 nali
339 2440 553 2501 Va'rhely
596 2438 764 2484 situari
805 2447 974 2501 sponte
1009 2446 1444 2501 recognoscerent,
1479 2438 1592 2484 alle-

201 2526 309 2579 gata
359 2518 743 2580 praescriptione
790 2517 956 2578 [cujus
1007 2518 1236 2581 ignobilis
1296 2517 1664 2580 praesertim

201 2604 368 2641 contra
407 2598 684 2643 dominium
717 2599 882 2660 utique
920 2598 1122 2660 incapax
1152 2606 1247 2650 est)
1275 2615 1369 2644 non
1405 2598 1591 2644 obstan·
1624 2604 1629 2609 '

196 2683 245 2721 te
271 2692 420 2737 porro
450 2696 640 2740 quoque
679 2678 898 2724 dominio
931 2677 1106 2723 addici.
1126 2703 1190 2711 --
1225 2679 1453 2723 Ceterum
1476 2691 1590 2722 cum
1656 2702 1657 2725 ς

199 2773 257 2803 ex
286 2758 467 2805 oculari
495 2760 732 2806 revisione
763 2761 850 2808 sub
880 2761 995 2807 Nro.
1033 2765 1108 2810 24.
1133 2760 1262 2806 clare
1286 2757 1395 2806 erui
1425 2754 1591 2820 nequi.-
