1669 3189
710 264 782 276 ..w-
837 241 924 291 484
979 263 1052 277 ...-

182 360 316 406 ribus
332 358 407 403 his
422 355 556 402 annis
572 349 739 397 violati
761 348 1029 396 extiterint.
1050 347 1174 394 Ibid.
1193 348 1254 394 ad
1269 353 1502 410 punctum
1528 354 1574 397 δι’

182 442 288 486 Jam
325 439 429 500 ipse
477 431 715 478 terminus
765 430 1042 492 perennalis
1065 463 1079 488 ,
1137 435 1218 474 aut
1267 427 1575 492 temporanei

185 524 456 563 contractus
484 518 672 556 certam
705 509 876 555 sistere
904 510 1049 554 debet
1086 508 1281 567 ideam3
1315 510 1366 555 id
1407 517 1575 555 tamen

182 613 277 642 una
301 602 490 640 certum
516 599 602 649 est,
638 592 768 653 quod
784 590 821 635 si
836 606 926 652 per
956 597 1246 647 contractus,
1281 607 1379 636 non
1405 589 1575 635 stricte

180 675 470 738 perennales
488 705 501 729 ,
538 672 756 735 adeoque
776 671 834 716 de
852 678 1079 733 tempore
1103 669 1158 714 in
1171 678 1364 733 tempus
1378 686 1577 715 renova-

181 765 279 811 103,
331 761 707 800 tractamentum
735 750 1043 797 aemunitatis
1077 750 1280 812 alicujus
1319 767 1570 813 nunquam

181 843 443 892 mutatum,
473 842 552 879 aut
569 835 740 879 eadem
761 832 1032 878 comunitas
1049 832 1249 877 urbario
1269 830 1480 891 subjecta
1498 830 1575 887 sitj

181 923 451 961 contractus
481 915 569 971 hi,
605 930 696 975 pro
738 912 1038 974 simplicibus
1081 913 1444 975 temporaneiS,
1493 928 1576 958 seu

181 995 388 1051 talibus,
435 994 516 1056 qui
570 993 701 1038 velut
740 991 1116 1037 immemorialis
1152 1009 1296 1050 usus,
1355 992 1577 1039 favorem

185 1077 350 1120 stricte
400 1071 754 1136 perennalibus
807 1071 1296 1133 correspondentem,
1343 1088 1436 1135 pro
1484 1088 1579 1119 usu

182 1154 502 1200 contractuali
538 1153 667 1197 ultro
702 1150 1031 1196 continuando
1063 1157 1113 1194 et
1143 1150 1447 1208 stabiliendo,
1465 1167 1577 1198 con.

180 1235 350 1280 ciliare
379 1233 671 1294 nequirent,
714 1230 967 1292 reputari,
1005 1229 1225 1292 adeoque
1265 1230 1450 1295 eisdem¹
1483 1230 1578 1275 sor,-

181 1313 320 1358 malis
342 1311 600 1358 urbarialis
627 1311 871 1373 regulatio
911 1308 1143 1356 substitui
1174 1309 1306 1356 haud
1333 1310 1499 1374 possit.

766 1439 887 1476 ΛΒΤ.
913 1439 983 1475 IV.

180 1523 263 1568 De
295 1520 526 1568 subditis
552 1534 660 1563 non
689 1518 974 1562 ruralibus
1008 1514 1101 1561 secl
1125 1515 1413 1576 oppidanis
1434 1517 1579 1583 jux-

503 1591 561 1630 ta
593 1589 933 1628 contractam
972 1585 1248 1628 tractatis.

308 1708 364 1752 In
394 1706 581 1751 casibus
613 1706 737 1761 illis,
778 1703 828 1749 in
858 1703 1031 1765 quibus
1072 1704 1258 1749 subditi
1299 1702 1400 1750 non
1444 1721 1579 1751 rura-

182 1789 275 1843 les,
316 1788 402 1831 sed
429 1785 666 1847 oppidani
689 1801 867 1845 magna
912 1784 964 1829 in
1006 1791 1146 1846 parte
1183 1793 1486 1846 quaestores,
1531 1793 1582 1830 et

184 1868 381 1930 opifices
412 1868 642 1912 hactenus
671 1881 924 1926 nunquam
963 1864 1024 1909 ad
1061 1865 1241 1922 onera,
1292 1873 1343 1913 et
1377 1866 1578 1912 servitia

184 1949 447 2011 quaepiam
489 1944 757 1992 urharialia
797 1945 1048 2004 adstricti,
1102 1947 1188 1992 sed
1217 1964 1410 2009 semper
1448 1945 1580 2007 juxta

183 2036 454 2074 contractus
498 2024 689 2071 tractati
738 2024 967 2084 fuissent,
1024 2025 1118 2071 nisi
1174 2034 1447 2073 contractus
1502 2025 1578 2071 illi

127 2158 130 2162 ,
181 2108 401 2170 alioquin
449 2107 646 2152 stabiles
690 2113 736 2152 et
777 2106 1007 2168 perpetui
1059 2106 1281 2165 fuissent,
1319 2107 1577 2152 comitatus

181 2197 319 2251 agat,
356 2196 408 2232 ut
431 2187 708 2232 dominium
737 2187 1022 2231 terrestrale
1050 2202 1161 2231 cum
1188 2185 1460 2233 istiusmodi
1498 2205 1579 2250 op.

181 2268 374 2330 pidanis
402 2282 578 2311 novam
614 2263 792 2311 coram‘
812 2265 1090 2314 testimonio
1135 2266 1444 2312 comitatensi
1468 2284 1580 2314 cum

182 2347 340 2393 libero
380 2348 634 2409 utriusque
686 2347 841 2409 partis
885 2347 1128 2393 tractantis
1173 2364 1411 2394 consensu
1443 2349 1581 2394 ineat

184 2429 577 2485 conventionem,
615 2428 806 2473 sedriae
850 2427 1105 2474 comitatus
1147 2427 1491 2489 referendam,
1526 2448 1578 2478 ac

184 2507 349 2550 medio
376 2508 634 2552 comitatus
663 2507 743 2552 via
781 2507 984 2553 Consilii
1022 2508 1145 2572 regii
1175 2491 1580 2559 locumtenentia-

182 2586 242 2630 lis
269 2603 377 2631 suae
405 2588 658 2649 Majestati
696 2587 1048 2633 sacratissimae
1102 2595 1578 2652 repraesentandam.

185 2667 379 2711 Interea
406 2685 551 2725 vero,
588 2669 742 2714 donec
756 2669 876 2714 haec
903 2684 1027 2714 nova
1052 2670 1306 2716 conventio
1329 2690 1421 2734 per
1442 2691 1578 2722 suam

185 2745 497 2805 Majestatem
524 2749 904 2796 sacratissimam
929 2751 1141 2814 benigne
1179 2752 1438 2798 ratihabita
1480 2770 1579 2801 non.

184 2826 330 2873 fuerit
346 2859 361 2886 ‚
395 2827 575 2873 subditi
595 2831 829 2892 oppidani
853 2848 1004 2895 penes
1018 2832 1243 2894 priorem
1271 2840 1574 2891 contractum
