1669 3189
713 189 1058 241 m426m

194 323 310 356 rum
338 303 694 354 teri-estralium
723 316 816 363 per
842 300 1069 362 proprios
1093 300 1359 347 dominales
1393 319 1586 366 geomea

196 396 295 433 tras
333 389 432 451 jam
472 390 694 444 suscepta
728 387 777 426 et
820 380 1034 427 exhibita
1080 379 1166 437 sit,
1232 388 1492 445 antequam
1539 390 1588 427 et

195 467 330 530 prius
358 467 417 509 ad
447 465 604 525 ipsam
627 462 918 507 intentatam
948 460 1212 507 fundorum
1242 462 1586 520 urbarialium,

193 555 242 593 et
276 552 555 591 ceterorum
583 548 870 588 tenutorum
913 542 1271 605 regulationem
1296 541 1395 604 jam
1420 558 1585 587 execu-

193 626 315 671 tioni
339 623 716 683 mancipandam
755 623 1079 685 procedatur,
1131 620 1264 682 juxta
1298 622 1587 683 praemissas

191 707 324 751 ideas
347 703 525 766 suscipi
552 720 635 748 suo
663 702 836 760 modo,
892 711 939 750 et
964 703 1136 767 peragi
1177 719 1230 748 ac
1265 702 1476 765 denique
1492 714 1589 747 ‘au-

194 785 458 830 thenticari
505 785 665 831 dehet.
699 810 765 818 -
817 787 951 848 Quae
978 793 1140 830 autem
1171 785 1496 829 instrumenta
1529 784 1589 829 ad

190 867 553 931 regulationem
591 873 877 913 tenutorum
920 867 1298 929 procedentibus
1351 864 1583 931 dominiis

193 946 466 993 necessaria
504 948 627 1004 sint,
679 955 725 993 et
748 947 978 993 inomisse
1015 948 1067 993 in
1092 965 1323 1010 processu
1349 946 1590 993 urbariali

194 1028 417 1074 exhiberi
450 1029 682 1087 debeant,
718 1029 814 1073 suis
843 1029 962 1073 locis
1001 1029 1288 1091 attingitur3
1345 1045 1403 1073 eo
1441 1029 1492 1072 in
1516 1044 1590 1073 re-

194 1110 330 1171 liquo
357 1110 503 1155 isthic
526 1109 717 1165 addito,
753 1125 955 1170 scopum
980 1108 1296 1154 dimensionis
1328 1108 1591 1169 geometri·

194 1206 279 1234 cae
308 1190 541 1234 dominiis
568 1189 932 1233 terrestralibus
957 1189 1008 1233 in
1035 1191 1165 1234 salvo
1194 1189 1394 1233 relictae
1411 1221 1424 1244 ,
1471 1204 1591 1231 sem-

194 1285 284 1330 per
307 1268 622 1314 stabilitatem
647 1267 917 1314 fundorum
944 1265 1296 1314 contributioni
1333 1268 1484 1312 semel
1513 1269 1593 1313 ob-

192 1349 486 1406 noxiorum,
541 1349 704 1394 eidem
726 1351 1003 1394 nullatenus
1034 1350 1480 1395 subtrahendorum
1518 1364 1593 1393 re·
1652 1357 1658 1365 ¹

192 1430 415 1492 spicere,
468 1445 521 1475 ac
553 1429 668 1473 ideo
697 1429 848 1473 etiam
889 1428 1253 1474 dimensionem
1291 1438 1336 1473 et
1364 1430 1593 1492 respecti-

198 1527 255 1556 ve
294 1511 656 1574 regulationem
690 1509 904 1566 institui,
966 1518 1018 1554 ut
1057 1511 1187 1572 quod
1229 1511 1423 1556 colonus
1463 1513 1593 1557 ultra

199 1589 582 1653 competentiam
607 1590 657 1634 in
679 1591 857 1635 tenutis
879 1590 1111 1652 possidet,
1153 1607 1203 1635 ac
1228 1591 1438 1653 proinde
1462 1591 1593 1651 juxta

200 1671 412 1715 dicalem
443 1671 853 1731 conscriptionem
880 1688 905 1715 a
937 1671 1302 1732 supernatantia
1329 1669 1454 1716 nihil
1485 1688 1595 1716 con·
1645 1662 1660 1671 ν

200 1750 424 1794 tribuisse
461 1750 792 1812 comperitur,
842 1757 1040 1795 eatenus
1085 1749 1233 1794 fundo
1281 1752 1599 1815 contributio-

197 1830 297 1876 nali
327 1830 550 1892 publico,
587 1838 635 1875 et
658 1831 1032 1875 obventionibus
1067 1831 1392 1877 dominalibus
1424 1832 1590 1877 debite

200 1909 558 1971 prospiciatur,
615 1917 900 1973 certumque
943 1927 1038 1955 una
1086 1911 1199 1966 fiat,
1265 1911 1408 1955 realis
1445 1905 1592 1958 status

200 1990 485 2052 possessorii
514 1998 795 2036 tenutorum
830 1990 1194 2046 colonicalium,
1252 1991 1591 2036 authenticum

200 2069 598 2116 instrumentum.

330 2153 464 2195 Anno
502 2159 639 2213 1774.
684 2152 761 2197 die
798 2158 873 2200 24.
913 2150 1084 2197 martii
1128 2148 1238 2197 nro.
1292 2163 1429 2207 1302.
1473 2150 1591 2214 'erga

203 2230 543 2290 quaestionem
580 2231 747 2288 illam,
799 2249 859 2278 an
902 2240 1183 2296 geometrae
1214 2250 1305 2294 pro
1346 2234 1485 2278 omni
1523 2234 1593 2278 di-

204 2311 379 2356 stincto
414 2313 846 2359 dimensurationis
886 2331 994 2359 casu
1036 2311 1293 2372 adjurandi
1334 2312 1456 2368 sint,
1511 2313 1590 2359 vel

202 2407 319 2436 vero
354 2394 501 2440 semel
531 2409 623 2456 per
653 2393 781 2456 ipsos
809 2393 1084 2455 depositum
1123 2393 1467 2454 juramentum
1498 2410 1590 2455 pro

205 2474 431 2519 omnibus
464 2474 802 2537 operationum
843 2474 1028 2520 casibus
1068 2475 1353 2521 deserviat?
1397 2473 1593 2519 univer-

203 2549 267 2593 sis
289 2553 593 2599 comitatibus
618 2554 900 2600 intimatum
928 2562 1015 2611 est,
1052 2562 1106 2600 ut
1132 2555 1457 2600 comitatuum
1479 2572 1590 2619 geo·
1647 2585 1651 2591 ·

201 2637 411 2687 metrae,
461 2635 519 2679 ad
556 2653 748 2682 sensum
781 2636 1151 2699 dispositionum
1173 2637 1451 2700 regiarum,
1499 2639 1590 2683 irn-

203 2710 418 2757 mediate
445 2731 608 2761 coram
638 2717 899 2775 comitatu,
942 2719 991 2764 in
1024 2737 1117 2782 quo
1144 2736 1349 2765 munere
1371 2735 1455 2764 suo
1485 2714 1589 2764 fun·

203 2790 254 2854 gi
285 2792 490 2851 debent,
545 2795 871 2855 juramentum
901 2800 1178 2864 deponere,
1224 2801 1437 2864 indeque
1460 2799 1588 2846 testi-
