1669 3189
715 182 1059 236 *572*-

199 288 260 333 lis
291 292 403 332 ortu
426 299 581 346 usque
611 282 672 326 ad
699 299 927 329 occasum
956 285 1099 331 realis
1131 286 1267 332 labor
1293 287 1598 351 perficiatur,
1655 310 1661 334 :-

202 368 309 412 aliis
356 383 473 412 vero
522 365 771 410 mensibus
817 371 918 411 tam
968 366 1097 422 itus,
1147 384 1295 428 quam
1337 377 1386 414 e't
1412 368 1597 415 reditus
1635 371 1666 417 '.

198 449 252 494 in
294 448 451 509 ipsam
497 447 737 491 robottam
774 463 799 490 a
830 447 940 493 solis
963 454 1077 493 ortu
1108 464 1262 510 usque
1292 450 1352 496 ad
1375 465 1598 496 occasum

199 526 542 593 praestandam
573 526 862 589 imputetur.

333 606 374 666 ᾗ.
415 618 458 654 5.
494 607 756 652 Robottam
795 623 881 652 seu
909 607 1160 670 jugalem,
1195 626 1283 654 seu
1316 612 1599 657 manualem

199 687 361 733 coloni
381 695 610 750 tempore
637 688 917 752 falcaturae,
944 690 1131 746 messis,
1149 697 1197 734 et
1222 690 1480 737 vinearum
1507 693 1603 738 cul-

196 774 372 823 turae,
418 768 493 812 vel
530 769 892 814 vindemiarum
923 770 1176 814 occasione
1204 771 1483 833 duplicato,
1520 773 1602 819 oh-

189 854 382 894 ·servata
420 849 572 893 relate
629 849 690 893 ad
756 850 1014 912 obtingens
1080 851 1439 909 hebdomadale
1487 867 1602 914 pro-

1649 624 1669 782 i-eff-ffi‘
1643 537 1669 600 {aes
1659 469 1665 502 ›-

1649 796 1667 910 ,λ-

191 930 459 992 portione,
495 930 785 990 perficiant,
822 930 874 973 in
911 931 1121 993 reliquas
1150 933 1602 978 hebdomadasim-
1655 931 1660 936 ’

194 1009 480 1072 putandam.
539 1007 795 1071 Inquilinis
838 1025 866 1052 a
917 1008 1199 1071 dupplicato
1245 1013 1391 1058 hocce
1432 1013 1599 1059 labore

199 1090 405 1135 exemtis
437 1089 768 1135 existentibus.

330 1169 369 1228 ᾗ.
409 1174 451 1219 6.
490 1171 616 1215 Haec
651 1177 815 1214 autem
850 1174 894 1218 4.
922 1168 1117 1216 dierum
1153 1171 1348 1216 robotta
1391 1169 1601 1216 occasion

194 1266 256 1294 ne
298 1249 600 1296 serventium
637 1250 868 1295 laborum
908 1257 1133 1313 tempore
1165 1250 1365 1307 messis,
1399 1250 1599 1296 falcatu-

196 1347 299 1386 rae,
345 1332 605 1389 vinearum
656 1332 905 1387 culturae,
940 1332 1018 1377 vel
1044 1330 1406 1376 vindemiarum
1440 1330 1514 1375 bis
1547 1330 1603 1377 in

193 1426 395 1467 mense,
452 1412 769 1464 (intel-vacua
804 1429 896 1474 pro
923 1411 1108 1456 rustico
1148 1412 1319 1457 relicta
1362 1429 1460 1458 una
1486 1411 1602 1458 heb-

194 1492 438 1543 domada)
498 1491 657 1553 repeti
713 1493 912 1554 poterit.
994 1494 1226 1538 Ceterum
1275 1491 1408 1537 circa
1467 1507 1604 1536 exac-

191 1573 377 1617 tionem
406 1573 712 1616 robottarum
738 1589 795 1616 ea
833 1572 1119 1617 observetur
1146 1571 1432 1633 proportio,
1467 1578 1523 1616 ut
1544 1588 1603 1617 ex

195 1666 355 1696 annua
391 1652 720 1714 competentia
765 1669 862 1696 una
920 1651 1150 1697 adminus
1185 1649 1470 1712 quartalitas
1507 1666 1601 1714 pro

191 1749 271 1777 sex
307 1733 645 1778 hibernalibus
672 1733 918 1777 mensibus
943 1739 1242 1776 reservetur.

321 1813 361 1873 ᾗ.
400 1825 440 1860 7.
476 1811 722 1857 Robotalis
740 1810 881 1855 labor
907 1810 946 1854 si
978 1811 1038 1855 ob
1056 1810 1472 1857 intervenientem
1493 1811 1601 1874 plu-

189 1893 321 1936 viam
348 1925 360 1947 ‚
397 1899 479 1936 aut
504 1892 638 1936 aliud
674 1891 939 1953 quodpiam
981 1889 1398 1953 impedimentum
1425 1892 1599 1956 peragi
1636 1898 1639 1901 ’

186 1971 447 2036 nequiret,
488 1988 600 2034 pars
627 1970 710 2017 illa
734 1971 859 2027 diei,
898 1987 994 2033 qua
1016 1971 1157 2017 labor
1188 1972 1389 2034 quidem
1424 1971 1598 2034 caepit,

189 2072 246 2099 ex
275 2053 475 2115 praevio
503 2060 670 2097 tamen
694 2051 932 2097 incidenti
950 2051 1248 2114 interrumpi
1268 2051 1473 2111 debuit3
1508 2051 1597 2097 im·
1637 2055 1641 2057 ’

185 2142 388 2197 putetur
423 2134 475 2178 in
499 2134 778 2188 robottam‚
814 2131 853 2176 si
894 2149 1010 2177 vero
1043 2131 1167 2178 nihil
1204 2133 1474 2188 laboravit,
1510 2131 1595 2178 sed

186 2214 344 2277 jussus
369 2221 557 2259 tantum
585 2214 745 2269 venit,
783 2219 832 2258 et
872 2213 1020 2258 rediit
1047 2212 1269 2259 subditus
1289 2247 1303 2270 ‚
1339 2214 1466 2259 solus
1496 2212 1593 2258 itus

188 2301 237 2339 et
266 2295 446 2339 reditus
487 2294 830 2358 acceptandus.

318 2375 356 2435 §.
381 2386 442 2427 8.
477 2375 750 2438 Inquilinus
777 2360 1034 2437 propriam
1064 2374 1269 2420 domum
1299 2374 1484 2421 habens
1524 2373 1592 2420 di-

189 2454 307 2499 ebus
338 2466 411 2504 18.
435 2455 796 2518 suhinquilinus
825 2471 943 2501 vero
975 2467 1051 2505 12.
1080 2455 1255 2502 diebus
1280 2470 1369 2518 per
1405 2468 1589 2500 annum

188 2536 405 2580 manuali
431 2537 599 2582 labore
625 2537 817 2582 serviet.

320 2615 358 2673 ᾗ.
397 2629 441 2672 9.
479 2618 739 2674 Subditus,
787 2617 825 2663 si
860 2617 937 2664 cui
972 2615 1115 2662 alteri
1148 2615 1429 2661 manualem
1476 2630 1589 2676 ope-

189 2709 297 2740 ram
317 2696 477 2742 locare
502 2700 671 2757 vellet,
709 2699 915 2746 eandem
946 2698 1147 2744 domino
1186 2715 1273 2744 suo
1309 2694 1588 2761 praeferen-
1651 2700 1652 2704 ’

184 2780 263 2821 ter
300 2791 415 2838 erga
458 2780 711 2842 aequalem
755 2780 1080 2828 nihilominus
1115 2777 1506 2833 conventionem,
1535 2781 1586 2820 et
