1669 3189
596 194 666 204 -u-
725 168 811 224 539
869 192 960 221 ω»,

78 286 153 323 tus
184 276 424 322 ulteriora
471 275 731 337 disponere
774 274 933 319 valeat
950 305 965 329 ,
1029 273 1130 317 imo
1162 269 1360 326 debeat,
1417 287 1471 314 ae

79 357 290 420 denique

208 443 254 487 6.
292 438 574 499 Cujusmodi
621 434 872 481 comitatui
911 432 1194 478 referendae
1222 432 1479 494 investiga-

75 521 249 578 tiones,
281 522 526 582 'ipsaeque
557 517 819 564 decisiones
847 516 1125 576 protocollo
1153 529 1245 575 pro
1268 512 1479 575 reliquo-

75 619 187 646 rum
209 601 524 663 negotiorum
546 594 1018 660 improtecollatione
1044 595 1353 649 deservienti,
1372 595 1465 639 rite

76 684 377 738 inserantur,
432 681 564 725 salvo
585 678 716 740 parti
743 692 844 721 non
878 682 1135 720 contentae
1168 676 1302 723 intra
1325 676 1478 723 domi-

77 763 217 808 nium
245 763 304 808 ad
330 761 499 806 altiora
523 760 631 803 loca
656 757 803 803 modo
829 758 1028 819 vigente
1064 773 1286 808 recursu.

661 887 737 921 AR
745 887 783 923 T.
819 887 925 920 VIII.

70 987 151 1029 De
181 983 519 1042 processibus
543 981 920 1024 urbarc'alibus
950 981 1271 1038 quibusnam
1297 981 1356 1022 in
1384 994 1470 1023 ca-

244 1050 391 1093 sibus
425 1047 696 1092 altissimo
733 1047 849 1090 loco
878 1046 1301 1090 substernendis.

210 1160 251 1220 Q
269 1175 301 1201 u
320 1173 383 1201 ae
401 1156 518 1201 stio
555 1156 692 1211 illa,
728 1163 896 1200 utrum
929 1172 1094 1200 omnes
1122 1169 1374 1216 processus
1401 1167 1481 1196 ur-

75 1238 287 1283 bariales
310 1270 323 1292 ,
378 1244 699 1298 posteaquam
758 1253 846 1298 per
891 1237 1026 1281 sedes
1072 1234 1338 1280 dominales
1371 1265 1384 1288 ,
1431 1240 1478 1277 et

77 1317 260 1363 sedrias
289 1318 611 1361 comitatuum
636 1317 785 1361 decisi
813 1316 1095 1371 extiterint,
1132 1316 1207 1360 vel
1232 1330 1346 1358 vero
1373 1321 1480 1357 tan·

73 1405 182 1441 tum
217 1395 282 1451 ii,
319 1396 403 1456 qui
433 1397 668 1457 gravioris
702 1397 943 1441 momenti
975 1395 1161 1456 objecta
1185 1394 1474 1445 involvunt,

73 1485 120 1523 et
168 1476 220 1521 in
263 1474 552 1538 quibusdam
589 1475 824 1536 specificis
862 1477 1047 1521 casibus
1084 1483 1190 1520 ante
1233 1473 1480 1518 executio-

76 1573 190 1602 nem
232 1554 579 1602 sententiarum
610 1554 661 1599 in
690 1555 865 1600 sedriis
891 1557 1102 1599 latarum
1121 1587 1135 1610 ,
1170 1555 1267 1598 fine
1308 1552 1479 1598 revisi-

79 1636 183 1682 onis
203 1636 624 1684 locumtenentiali
643 1637 850 1681 Consilio
873 1636 1096 1682 submitti
1122 1635 1364 1689 debeant,
1387 1650 1478 1678 nec

76 1734 166 1780 per
200 1717 470 1779 benignum
506 1717 792 1772 urbarium,
841 1732 932 1760 nec
973 1733 1063 1776 per
1103 1715 1478 1760 instructionem

76 1813 168 1860 pro
229 1796 681 1858 magistratualibus
750 1796 1056 1840 urbarialum
1118 1796 1479 1858 regulationem

76 1876 448 1938 exequentibus,
494 1893 584 1921 nec
632 1893 721 1937 per
761 1875 1140 1920 instructionem
1179 1891 1271 1937 pro
1310 1874 1480 1918 comis-

84 1956 222 2002 sariis
249 1956 399 2020 regiis
427 1956 480 2002 in
518 1973 571 2001 re
609 1956 849 2003 urbariali
894 1956 954 2000 ad
978 1956 1231 2000 comitatus
1258 1955 1479 1999 exmissis

82 2039 409 2095 elaboratam,
454 2055 543 2083 nec
581 2055 672 2100 per
721 2038 914 2100 legem,
971 2054 1058 2082 nec
1086 2036 1297 2097 denique
1322 2036 1478 2079 ullam

79 2137 167 2165 seu
189 2120 581 2183 praeced-aneam
617 2136 703 2164 seu
727 2119 1017 2163 modernam
1039 2118 1084 2163 b.
1116 2117 1477 2162 resolutionem

79 2204 267 2267 regiam
297 2202 538 2265 positive,
576 2209 624 2246 et
654 2199 927 2264 generatim
959 2200 1121 2244 decisa
1145 2198 1318 2244 extitit.

208 2286 315 2330 Non
363 2300 471 2346 per
525 2284 883 2337 urben-ium,
929 2282 980 2326 in
1017 2283 1110 2325 hoc
1151 2281 1284 2326 enim
1324 2278 1476 2321 relate

79 2365 141 2412 ad
177 2364 542 2426 promotionem
586 2364 900 2426 querelarum
935 2363 1258 2408 urbarialium
1294 2364 1477 2421 puncto

82 2459 123 2495 5.
144 2447 182 2507 ᾗ.
201 2458 245 2502 9.
269 2461 365 2490 non
390 2445 522 2489 aliud
549 2442 919 2507 praescribitur,
958 2460 1103 2505 quam
1132 2449 1185 2487 ut
1211 2440 1474 2504 injuriatus

79 2528 277 2572 colonus
291 2529 535 2576 medelam
551 2527 680 2590 apud
693 2526 950 2571 dominum
970 2543 1066 2570 non
1092 2524 1317 2569 obtinens
1339 2538 1388 2567 se
1414 2519 1476 2565 ad

81 2608 368 2653 comitatum
398 2615 661 2652 convertat.

232 2690 356 2733 Non
424 2706 531 2751 per
598 2688 1096 2733 instructionem
1165 2701 1272 2729 exe
1295 2699 1475 2745 quen«

81 2768 234 2812 tium
291 2768 876 2831 magistratualium
908 2800 922 2822 ,
983 2767 1136 2828 capite
1180 2766 1314 2810 enim
1353 2765 1406 2806 V.
1436 2760 1475 2820 ᾗ

86 2860 158 2896 50.
182 2848 234 2895 in
259 2848 357 2896 fine
389 2849 639 2906 statuitur,
673 2856 726 2895 ut
752 2866 836 2896 seu
877 2846 1246 2896 communitates
1277 2845 1328 2890 in
1365 2857 1475 2887 con-
