1669 3189
584 193 653 205 m..
718 173 929 228 (ΜΘΝ.

62 281 178 325 vitia
221 293 312 340 pro
345 279 501 325 lubitu
534 281 862 342 applicantes,
910 279 1191 342 nullamque
1234 288 1315 326 aut
1346 285 1440 329 exi„

57 375 204 419 guam
254 358 495 418 ejusmodi
531 360 848 406 servientibus
886 361 1167 404 mercedem
1190 362 1439 418 solventes,

57 438 160 482 imo
195 440 416 501 plerique
457 442 706 486 crudelem
737 457 814 485 eos
848 439 1083 485 tractandi
1123 442 1326 487 modum
1362 443 1442 488 ad-

56 516 298 575 hibentes,
342 521 573 564 miseram
605 522 801 582 plebem
843 518 894 562 in
921 520 1113 565 ruinam
1144 527 1190 564 et
1225 522 1446 584 despera-

57 601 244 646 tionem
285 601 559 657 adducant,
620 602 832 662 indeque
887 601 1156 645 multorum
1201 600 1440 664 profugiis

30 745 33 747 ⁴
59 681 211 725 enatis
237 681 456 727 desertae
477 682 710 726 sessiones
735 680 994 742 prodeant,
1024 681 1082 724 de
1105 679 1298 739 b.jussu
1311 681 1449 745 regio

59 761 346 822 dispositum
364 760 548 816 suerit,
610 767 780 821 utpote
806 778 867 805 ne
897 761 1103 821 amplius
1131 762 1316 806 domini
1354 770 1448 806 ter-

52 849 232 887 restres
261 841 476 886 subditos
504 855 612 884 suos
654 840 715 883 ad
742 840 1098 901 qualiacunque
1144 840 1341 885 servitia
1374 859 1448 887 co-

55 928 197 981 gant,
233 936 404 964 verum
430 918 584 964 libera
607 919 830 964 omnibus
858 920 1108 963 voluntate
1135 921 1322 976 relicta,
1362 922 1446 966 ho-

53 999 212 1044 mines
235 1015 324 1060 pro
353 998 557 1045 servitiis
583 999 680 1045 suis
705 1001 928 1045 mercede
945 1032 957 1054 ‚
1021 1015 1111 1060 qua
1139 1000 1249 1045 fieri
1272 1009 1447 1063 potest,

56 1080 357 1134 conducant,
394 1095 447 1123 ac
479 1079 590 1123 dein
619 1080 746 1140 quod
766 1096 849 1124 sua
872 1078 1100 1138 Majestas
1126 1082 1448 1127 sacratissima

57 1175 173 1221 erga
189 1159 329 1205 factas
341 1159 523 1203 idcirco
536 1159 734 1205 iteratas
760 1163 1250 1222 repraesentationes,
1278 1169 1446 1207 tenore

53 1238 99 1283 b.
141 1237 367 1301 rescripti
406 1242 476 1285 sui
518 1241 604 1285 sub
637 1252 716 1288 21.
754 1241 922 1302 aprilis
957 1253 1096 1289 1777..
1129 1241 1341 1285 emanati
1373 1243 1451 1287 de-

53 1334 150 1361 nuo
190 1319 459 1363 clementer
493 1321 818 1382 acquieverit,
880 1328 932 1365 ut
977 1322 1338 1367 conditionibus
1375 1339 1452 1367 ea-

48 1405 185 1442 tenus
223 1399 430 1444 demisse
451 1401 710 1461 propositis
733 1401 825 1445 rite
857 1403 1136 1455 observatis,
1177 1403 1443 1447 memorati

56 1478 243 1523 domini
277 1486 533 1523 terrestres
569 1480 746 1525 invitos
788 1481 936 1525 etiam
977 1482 1194 1527 subditos
1223 1483 1282 1528 ad
1305 1483 1451 1527 servi-

53 1558 121 1604 tia
142 1575 226 1604 sua
257 1559 339 1603 sed
365 1566 555 1604 tantum
581 1562 893 1605 oeconomica
924 1577 1096 1623 cogere
1124 1563 1324 1622 possint.

185 1639 310 1702 Quia
348 1646 510 1684 autem
544 1640 767 1701 plerique
802 1638 1279 1685 domini‘terrestres
1319 1642 1452 1686 nulla

55 1711 222 1762 habita
259 1720 620 1781 praeallegatae
652 1721 702 1763 b.
753 1719 1059 1763 resolutionis
1094 1720 1258 1782 regiae
1302 1727 1455 1766 atten-

57 1798 190 1842 tione
221 1797 433 1843 subditos
455 1814 566 1844 suos
591 1796 808 1842 hucdum
837 1798 897 1842 ad
928 1799 1121 1860 quaevis
1155 1800 1349 1844 servitia
1373 1816 1452 1861 ap-

56 1880 314 1941 plicarent,
352 1886 399 1922 et
424 1895 520 1923 non
548 1885 736 1924 tantum
764 1879 1136 1922 convenientem
1168 1879 1452 1922 mercedem

57 1966 317 2021 negarent,
368 1960 452 2004 sed
484 1959 686 2020 insuper
731 1958 930 2003 miseros
977 1957 1198 2002 homines
1239 1957 1452 2019 pessime

0 2028 3 2030 .
58 2046 354 2095 tractarent,
399 2046 453 2084 ut
479 2046 589 2084 actu
623 2039 769 2084 etiam
791 2037 1019 2101 profugia
1047 2053 1194 2099 quam
1229 2037 1454 2100 frequen-

63 2116 252 2161 tissima
283 2118 522 2163 eveniant.

199 2199 270 2243 Ex
320 2214 378 2243 eo
420 2197 762 2260 praetitulatae
806 2199 866 2243 D.
907 2203 1094 2243 vestrae
1135 2212 1211 2241 eas
1250 2197 1310 2241 ad
1348 2195 1456 2241 effe-

65 2283 197 2321 ctum
234 2278 405 2323 citatae
434 2280 481 2324 h.
515 2277 821 2322 resolutionis
854 2276 1018 2339 regiae
1044 2277 1261 2322 efficaces
1283 2276 1456 2320 saciant

63 2359 434 2422 dispositiones,
480 2367 531 2404 ut
567 2360 684 2403 haec
723 2376 820 2403 non
861 2365 1049 2403 tantum
1085 2373 1175 2419 pro
1212 2356 1375 2400 futuro
1397 2355 1455 2400 ab

0 2446 1 2450 ’
64 2439 288 2484 omnibus
321 2439 532 2484 dominis
572 2439 889 2484 terrestribus
931 2439 1021 2483 rite
1060 2438 1187 2482 etin
1229 2435 1451 2480 omnibus

64 2519 256 2579 punctis
276 2518 537 2580 adaequate
557 2519 858 2574 observetur,
888 2519 973 2562 sed
992 2517 1136 2561 etiam
1154 2517 1309 2578 quoad
1321 2530 1459 2577 prae-

66 2598 272 2643 teritum
317 2599 506 2644 miseris
544 2599 823 2644 hominihus
862 2616 951 2660 pro
977 2598 1225 2643 exantlatis
1250 2594 1456 2641 servitiis

68 2680 226 2725 omnis
256 2680 513 2724 satisfactio
536 2689 857 2742 procuretur,
904 2696 964 2725 ne
996 2697 1154 2724 casum
1183 2679 1236 2722 in·
1272 2683 1459 2722 eontra-

75 2760 203 2805 rium
228 2759 530 2822 primaevam
565 2777 675 2807 suae
704 2760 973 2822 Majestatis
1005 2759 1354 2807 sacratissimae
1386 2774 1458 2802 re-

1109 2843 1149 2903 Q
1168 2859 1196 2902 ‘1
