1669 3189
628 208 965 266 „2345-2*

86 326 144 372 lis
174 321 482 385 obtingentia
519 321 790 382 aequaliter
819 319 952 363 inter
991 316 1388 362 communitatem
1419 331 1491 361 re,

89 404 297 468 partiri,
333 418 491 464 neque
531 400 625 444 alia
657 387 1017 443 communitatis
1061 397 1257 459 negotia
1293 397 1374 441 abs
1399 414 1492 458 que

90 484 389 548 partialitate
414 479 708 544 pertractari
737 479 952 534 soleant,
989 476 1100 522 ideo
1136 477 1389 521 comitatui
1419 477 1491 521 in-

94 563 234 626 jungi
259 595 272 619 ,
310 579 405 624 quo
435 560 603 605 sedulo
627 575 685 603 eo
717 557 967 612 intendat,
1001 565 1052 601 ut
1075 557 1126 601 in
1163 573 1262 602 uno
1297 556 1494 602 eodem-

100 659 195 704 que
224 658 348 703 pago
380 639 493 682 licet
527 637 691 699 plures
715 636 902 682 domini
933 643 1187 682 terrestres
1217 642 1404 692 essent,
1433 642 1497 679 at-

98 729 260 766 tamen
290 735 413 763 unus
443 718 675 763 duntaxat
706 717 855 780 judex
881 717 1216 763 constituatur,

224 810 269 854 9.
321 800 444 843 Cum
490 797 698 842 demum
755 796 1057 858 praeadnexi
1090 796 1281 842 urbarii
1313 801 1495 858 puncto

89 887 134 933 [ι.
164 886 201 931 ξ.
239 882 283 926 6.
317 879 677 940 praescriptum
706 877 832 922 foret
853 911 866 934 ,
903 895 964 924 ne
991 876 1259 923 subsidium
1288 875 1495 919 diaetale

92 959 302 1006 dominis
330 958 646 1002 terrestribus
683 957 1033 1018 praebendum
1069 957 1287 1002 debitam
1331 954 1502 998 mode->

106 1041 352 1085 rationem
377 1039 602 1094 excedat,
636 1039 998 1100 posterioribus
1032 1054 1147 1083 vero
1185 1035 1491 1098 temporibus

92 1119 261 1166 varios
310 1135 532 1163 excessus
578 1126 777 1163 eatenus
819 1117 1139 1163 intervenisse
1179 1118 1498 1163 observatum

92 1199 292 1255 fuisset,
329 1199 443 1243 ideo
462 1207 515 1242 ut
531 1216 621 1260 pro
649 1199 813 1243 futuro
840 1199 987 1243 etiam
1011 1198 1155 1260 hujus
1181 1199 1367 1242 intuitu
1389 1213 1499 1241 nor-

93 1296 174 1324 ma
206 1280 465 1341 quaepiam
501 1280 628 1340 justa
661 1280 988 1339 proportione
1028 1280 1170 1322 statui
1203 1278 1384 1340 possit,
1418 1276 1502 1320 be-

96 1361 243 1420 nigne
271 1358 491 1401 decrevit
527 1373 612 1400 sua
641 1358 870 1415 B‘Iajcstas
909 1358 1241 1412 sacratissima,
1272 1364 1324 1400 ut
1360 1373 1500 1417 prae-

103 1437 321 1481 titulatae
360 1434 732 1494 ‘dominationes
765 1442 952 1478 vestrae
995 1452 1093 1478 non
1132 1436 1321 1495 solum,
1361 1437 1495 1497 quid>-

95 1533 209 1563 nam
252 1532 344 1578 per
381 1513 852 1559 decursumultinme
879 1513 1178 1575 praeteritae
1208 1515 1394 1560 diaetae
1412 1533 1498 1577 per

95 1598 319 1643 dominos
351 1603 610 1640 terrestres
648 1595 733 1639 tali
762 1595 904 1639 titulo
948 1603 1169 1640 exactum
1210 1594 1390 1651 suerit,
1425 1612 1501 1639 ve-

96 1696 208 1724 rum
243 1678 425 1733 etiam,
462 1676 617 1738 qualis
651 1676 744 1720 hoc
784 1677 834 1721 in
868 1691 1015 1738 passu
1053 1694 1143 1738 pro
1184 1675 1349 1721 futuro
1387 1693 1504 1737 pro-

95 1761 374 1822 portionata
400 1774 575 1803 norma
605 1758 750 1801 statui
790 1755 974 1818 possit,
1012 1755 1281 1819 genuinam
1323 1773 1375 1800 ac
1412 1756 1502 1800 cir-

34 1850 39 1853 ’
101 1840 517 1886 ειιηιεῐῑιῃῑὶᾶὶθῐη
554 1836 959 1883 informationem
1016 1854 1164 1898 super
1210 1837 1492 1898 praemissis

99 1919 304 1964 horsum
338 1917 619 1980 quantocius
649 1917 956 1963 submittant.

233 2009 304 2045 10.
359 1999 418 2042 Et
485 1996 600 2059 quia
637 2004 686 2041 et
723 1998 774 2042 id
811 1990 1125 2044 observatum
1168 2005 1319 2055 esset,
1367 1999 1502 2061 quod

97 2078 329 2124 nonnulli
353 2077 538 2123 liberae
583 2078 891 2140 migrationis
929 2079 1089 2124 coloni
1108 2078 1194 2124 sub
1215 2079 1373 2141 priori
1419 2095 1502 2123 suo

100 2158 302 2202 domino
327 2155 582 2213 terrestri,
620 2156 752 2215 cujus
798 2157 1187 2216 jurisdictionem
1225 2166 1501 2212 exuerunt,

102 2256 290 2303 quaqua
328 2239 515 2283 ratione
549 2237 803 2299 injuriati,
841 2246 922 2283 aut
962 2239 1287 2296 damnificati,
1323 2239 1503 2284 intuitu

100 2319 378 2381 hujusmodi
426 2316 723 2379 injuriarum
781 2336 984 2363 suarum
1033 2318 1254 2363 debitam
1316 2319 1503 2364 satisfa-

104 2399 315 2442 ctionem
349 2413 405 2442 ex
436 2413 493 2441 eo
531 2397 757 2460 consequi
780 2415 878 2442 non
903 2399 1112 2460 possint,
1150 2399 1280 2460 quod
1322 2400 1404 2444 alii
1423 2401 1502 2444 do-

100 2478 225 2522 mini
252 2484 532 2534 terrestres,
570 2494 785 2540 quorum
810 2477 1134 2538 jurisdictioni
1171 2487 1324 2524 semet
1358 2479 1502 2540 subji-

104 2557 264 2615 ciunt3
298 2557 377 2601 vel
435 2552 635 2621 propter
688 2557 931 2603 evitandas
990 2573 1248 2619 expensas,
1289 2560 1366 2604 vel
1408 2560 1502 2604 alia

104 2653 294 2700 quaqua
318 2638 377 2680 de
404 2638 589 2683 ratione
603 2645 769 2700 partes
785 2639 1007 2700 ipsorum
1028 2653 1326 2684 assummere
1344 2673 1357 2695 ,
1391 2656 1498 2683 cau-

103 2733 267 2779 sasque
290 2718 517 2779 ipsorum
540 2735 836 2779 promovere
877 2719 1152 2782 negligant,
1188 2721 1303 2765 hinc
1338 2735 1398 2763 ne
1444 2718 1501 2761 ii-

104 2796 217 2842 dem
247 2797 426 2843 subditi
457 2798 617 2860 quoad
645 2799 1012 2860 praetensiones
1057 2815 1162 2844 suas
1198 2798 1326 2858 justa
1371 2798 1499 2844 satis-
