1669 3189
587 153 657 166 m..
717 131 801 190 639
861 152 930 165 m

68 240 294 304 Sigilhz,
316 215 386 284 'et
409 245 659 302 reges-ira
679 220 1072 299 praestiturum
1094 240 1454 290 robottarzzm2·

195 359 239 396 3.
275 347 345 392 Ne
371 345 554 392 subditi
584 348 882 409 competenti
921 347 1013 392 sibi
1039 347 1346 394 rohottarum
1368 351 1453 396 bo-

63 425 341 471 nificatione
369 425 702 483 frustrentur,
738 442 822 472 seu
848 443 939 487 per
973 427 1201 472 officiales
1237 430 1455 474 domina-

64 507 129 551 les
163 522 352 568 quaqua
380 507 570 551 ratione
613 506 928 562 divexentur,
975 505 1132 570 sigilla
1168 506 1451 553 robottanti-

64 586 152 630 bus
184 586 316 631 illico
343 595 543 648 peracto
577 601 769 646 semper
807 586 971 630 labore
1006 586 1327 645 extradanda,
1375 590 1452 634 vel

63 666 123 709 ad
156 665 422 710 minimum
446 661 807 720 distribuenda,
842 666 1116 726 generatim
1135 684 1250 712 vero
1278 668 1449 713 colono

59 744 283 789 laborum
321 744 529 799 solutio,
599 742 718 786 dum
754 751 800 788 et
839 744 1030 805 quando
1074 760 1184 790 eam
1217 748 1459 808 exegerit,

63 823 243 885 absque
285 835 426 866 mora
462 823 782 883 praestanda,
828 823 1040 886 denique
1071 841 1133 870 ne
1165 824 1450 871 officialibus

59 902 386 948 dominalibus
418 902 468 947 in
511 903 762 966 exigendis
801 903 950 948 etiam
1009 920 1157 966 supra
1188 921 1452 951 numerum

5 980 13 985 ⁴
57 982 235 1027 robotis
266 981 597 1028 dominalibus
631 982 818 1027 occasio
851 983 998 1039 adsit,
1038 983 1171 1043 juxta
1186 985 1450 1046 positivum

58 1061 247 1107 urbarii
279 1062 507 1107 slavonici
547 1062 586 1122 §
613 1064 690 1111 26.
716 1064 1093 1125 praescriptum,
1127 1073 1343 1127 regestra
1370 1084 1447 1111 roa

54 1145 300 1190 „bonarum
349 1144 400 1189 in
452 1143 643 1207 singulo
683 1144 901 1190 dominio
946 1152 1168 1191 accurate
1209 1146 1448 1204 ducenda,

57 1224 433 1273 demandantur.

61 1357 354 1402 Urbariam
396 1359 454 1401 in
488 1358 773 1404 slavonica
815 1360 1016 1421 lingna
1056 1361 1452 1405 communitati-

485 1425 582 1486 bus
611 1427 1032 1470 extradanclam.

185 1534 228 1586 4.
265 1529 355 1573 Pro
400 1537 457 1573 eo
489 1537 541 1573 ut
587 1531 745 1575 coloni
776 1538 875 1579 tam
915 1532 974 1576 de
1004 1531 1192 1592 juribus
1225 1532 1446 1576 dominio

54 1609 474 1670 competentibus,
527 1626 672 1670 quam
717 1617 765 1653 et
805 1610 897 1659 sibi
938 1598 1332 1655 incumbentibus
1367 1612 1449 1655 ob-

50 1686 363 1750 ligationibus
384 1687 478 1731 rite
502 1687 834 1743 instruantur,
884 1704 968 1733 sua
986 1689 1210 1750 Majestas
1235 1690 1451 1735 sacratis·

53 1767 176 1811 sima
207 1765 418 1829 benigne
453 1767 742 1828 praecipere
781 1766 979 1831 dignata
1017 1774 1119 1823 est,
1163 1776 1220 1813 ut
1247 1785 1338 1831 pro
1365 1770 1449 1813 tri-

49 1845 137 1891 bus
163 1845 408 1891 inferioris
446 1847 699 1892 Slavoniae
731 1840 1040 1892 comitatibus
1065 1848 1144 1892 die
1173 1858 1246 1896 15.
1277 1849 1448 1894 martii

60 1929 201 1974 1756.
233 1924 495 1988 elargitum
538 1925 811 1990 benignum
845 1927 1104 1972 urbarium
1137 1927 1190 1971 in
1224 1926 1445 1991 linguam

62 2006 358 2052 slavonicam
377 2007 685 2063 vertendum,
701 2007 862 2052 medio
878 2006 1076 2053 Consilii
1100 2007 1229 2070 regii
1245 2009 1445 2056 locum&

53 2088 288 2134 altissimo
328 2087 519 2134 obtutui
559 2102 617 2132 eo
655 2087 752 2132 fine
795 2089 1161 2145 substernatur,
1221 2105 1313 2149 quo
1339 2090 1445 2134 sub-

51 2175 210 2213 secuta
247 2169 481 2214 altissima
517 2167 835 2213 ratificatione
872 2185 980 2213 cum
1007 2168 1208 2214 adnexis
1225 2185 1442 2213 necessa=

50 2247 137 2292 riis
172 2247 360 2296 tabellis
405 2247 729 2293 urbarialibus
754 2247 955 2309 praevie
992 2248 1273 2295 revidendis
1307 2251 1439 2296 inter

54 2327 433 2375 communitates
465 2327 695 2374 distribui
717 2328 883 2375 valeat.

160 2462 463 2520 Dispositio
488 2462 665 2522 quoad
692 2468 871 2506 terras
892 2463 1323 2509 remanentialis.

181 2577 224 2613 5.
261 2570 431 2633 Quoad
456 2577 611 2615 terras
650 2572 1028 2617 remanentiales
1068 2574 1240 2619 eadem
1280 2570 1438 2632 dispo-

56 2644 166 2690 sitio
196 2654 295 2703 est,
347 2666 469 2710 quae
496 2649 547 2694 in
573 2650 841 2712 hungarico
864 2652 1083 2705 urbm-io,
1135 2652 1279 2708 (Vide
1306 2652 1437 2715 pagi·

53 2742 167 2773 nam
204 2739 308 2779 201»
334 2735 379 2774 et
408 2729 456 2777 in
485 2730 640 2792 specie
667 2730 894 2794 paginam
924 2738 1049 2786 114.)
