1669 3189
734 177 800 188 m*
863 156 946 194 620
1005 179 1073 190 ,ψ-

219 280 309 309 nve
329 261 611 325 stigantium
652 248 1095 319 magistratualium
1147 259 1230 300 fiat
1290 258 1471 302 idcirco
1528 257 1601 302 in-.

215 343 429 389 sinuatio
445 341 573 401 apud
599 338 701 399 ipsa
725 336 942 382 dominia
970 337 1283 392 terrestralia,
1311 337 1601 383 desiderato-

213 441 304 487 que
331 422 500 466 effectu
519 451 531 473 ,
566 418 655 462 hac
676 418 824 461 etiam
857 417 963 478 ipsa
994 417 1184 461 ratione
1211 433 1309 461 non
1337 417 1592 462 subsecuto

212 504 364 547 iidem
396 498 730 560 investigantes
754 503 1012 541 recurrant
1038 496 1100 540 ad
1126 497 1430 552 comitatum,
1466 496 1595 542 idem

212 599 327 627 vero
355 581 607 625 comitatus
642 579 702 622 ad
730 576 1058 622 desideratum
1078 577 1206 621 hunc
1238 591 1442 637 scopum
1490 591 1599 620 con-

208 661 513 723 sequendum
542 657 727 714 omnia,
765 673 885 720 quae
917 655 1136 701 muneris
1168 655 1240 699 sui
1268 654 1455 718 agenda
1478 662 1603 710 sunt,

209 747 484 803 opportune
534 746 667 802 agat,
719 745 765 782 et
807 754 957 799 usque
1000 734 1368 798 procurandum
1394 733 1605 796 plenari-
1667 759 1669 787 :

201 838 297 873 ,um
322 821 546 866 effectum
586 835 684 862 non
715 818 1035 878 conquiescat.
1658 795 1665 806 ⁶

341 891 380 962 ξ.
419 904 461 947 6.
507 899 559 943 In
606 896 917 942 comitatibus
957 912 1111 958 porro
1153 896 1248 942 illis
1281 931 1294 954 ,
1338 897 1392 941 in
1429 894 1601 958 quibus

208 980 407 1026 urbaria
446 995 573 1023 anno
617 980 753 1025 1766.
796 977 1007 1038 benigne
1064 976 1301 1038 elargita,
1354 992 1406 1020 ac
1447 977 1604 1022 subse-

212 1078 304 1123 que
331 1062 507 1105 horum
537 1059 879 1120 supplementa
919 1056 1192 1101 introducta
1223 1055 1467 1102 habentur
1486 1089 1500 1113 ,
1535 1057 1604 1101 in-

209 1142 498 1204 vestigantes
533 1138 919 1203 magistratuales
957 1143 1254 1199 praeattacta
1274 1135 1601 1198 investigatio·
1658 1128 1669 1241 1

203 1222 276 1268 nis
308 1228 488 1282 puncta
518 1221 678 1282 quoad
706 1220 811 1282 ipsa
845 1217 1336 1281 supplement-aplane
1350 1216 1417 1260 ita
1439 1217 1599 1261 obser-

207 1302 366 1347 vanda
409 1301 690 1357 habebunt,
736 1298 1152 1361 quemadmodum
1201 1313 1380 1359 nempe
1438 1296 1606 1359 quoad*
1661 1252 1669 1351 i

204 1383 405 1427 urharia
443 1380 745 1426 observanda
767 1379 1187 1442 praescribuntur,

338 1462 378 1521 §.
422 1474 464 1508 ῖ.
509 1461 602 1505 Sua
651 1459 886 1522 Majestas
931 1458 1244 1504 sacratissima
1280 1456 1491 1520 benigne
1532 1473 1605 1501 re-

208 1542 369 1598 solvit,
403 1549 455 1587 ut
485 1556 720 1584 numerus
742 1555 1000 1600 pecorum,
1038 1555 1090 1582 ac
1114 1538 1389 1600 pecudum,
1425 1537 1619 1582 officia-‘

205 1623 331 1667 libus
378 1628 424 1666 et
467 1619 781 1665 servitoribus
821 1616 1148 1662 dominalihus
1184 1633 1408 1677 expresse
1447 1617 1602 1660 deter-

200 1703 420 1746 minetur
443 1733 455 1756 ,
484 1699 752 1759 ,taliterque
778 1703 1030 1751 statuatur,
1049 1703 1100 1739 ut
1143 1695 1347 1756 quilibet
1382 1696 1598 1757 superio-

202 1798 314 1825 rum
344 1777 630 1823 officialium
667 1776 797 1820 haud
824 1775 1094 1838 majorem,
1133 1790 1279 1837 quam
1308 1777 1503 1820 colonus
1531 1775 1603 1820 in·-

205 1869 376 1921 tegrac
405 1856 654 1912 sessionis,
689 1872 951 1900 numerum
985 1856 1044 1900 ad
1071 1856 1238 1917 pascui
1261 1871 1402 1900 usum
1423 1863 1600 1912 seruet,

200 1939 462 1983 inferiores
501 1953 617 1981 vero
664 1934 916 1991 officiales,
953 1952 1004 1979 ac
1042 1935 1301 1980 servitores
1317 1968 1331 1992 ,
1384 1953 1471 1981 nec
1499 1951 1600 1980 non
1658 1961 1665 1998 3

200 2019 531 2082 ludimagistri
548 2020 721 2062 colono
743 2015 936 2060 mediae
953 2016 1172 2062 sessionis
1198 2017 1598 2079 aequiparentur,

198 2118 357 2163 neque
383 2099 468 2145 ulli
485 2097 859 2143 eorumlicitum
873 2096 947 2154 sit,
962 2113 1052 2158 pro
1076 2095 1201 2152 aliis,
1221 2112 1364 2158 quam
1380 2095 1597 2158 propriis

198 2181 484 2242 pecoribus,
508 2186 591 2223 aut
608 2178 877 2241 pecudibus
907 2175 1155 2221 communi
1179 2191 1355 2237 pascuo
1379 2175 1469 2230 uti,
1486 2187 1608 2219 cum·

201 2267 360 2305 autem
376 2276 609 2304 numerus
626 2258 891 2321 pecudum,
905 2264 986 2301 aut
1000 2271 1233 2318 pecorum
1248 2270 1340 2317 pro
1351 2255 1438 2299 hac
1453 2253 1530 2298 vel
1545 2254 1604 2298 il-
1634 2280 1645 2298 a

201 2339 244 2383 la
263 2341 600 2386 sessionalium
621 2340 925 2386 subditorum
954 2336 1182 2400 qualitate
1204 2336 1424 2382 nondum
1440 2335 1599 2379 deter-

200 2420 385 2465 minate
413 2421 638 2466 definitus
670 2421 925 2476 habeatur,
947 2419 998 2463 in
1033 2417 1326 2480 quibusdam
1351 2414 1594 2477 posterius

198 2503 423 2562 regulatis
443 2502 748 2546 comitatibus
768 2509 938 2546 tenore
961 2498 1237 2543 extradatae
1262 2493 1592 2542 instructionis
1664 2516 1668 2535 ι

198 2580 363 2641 regiae
400 2582 681 2627 ordinatum
707 2581 821 2636 snit,
856 2587 907 2625 ut
940 2584 1232 2640 exequentes
1257 2576 1592 2639 magistr-atua-
1668 2563 1669 2566 Ἴ

1661 2485 1665 2496 -
1660 2428 1665 2458 m—
1660 2294 1669 2415 ½.,‹—-

198 2660 265 2704 les
294 2660 342 2703 in
385 2661 735 2721 singuloloco‚
775 2677 855 2705 sex
875 2660 1096 2722 integrae
1135 2657 1363 2702 sessionis
1399 2656 1587 2701 colonos
1663 2666 1669 2707 ί

197 2747 275 2789 aut
307 2740 345 2785 si
369 2739 494 2788 forte
524 2758 622 2791 non
647 2743 934 2801 existerent,
987 2757 1067 2788 sex
1106 2737 1298 2788 mediae
1333 2735 1585 2795 sessionis,
1659 2713 1667 2822 (
