1669 3189
692 156 1036 199 m5ss2...

193 263 407 310 articulis
444 262 600 307 inesse
640 258 771 320 apud
801 276 886 304 nos
913 258 1135 304 decimae
1166 255 1573 318 desumptionem,

194 361 320 405 quae
359 359 453 387 una
495 338 825 384 differentiam
870 337 1068 384 uberius
1101 342 1445 382 remonstrant.
1522 334 1578 377 In

191 424 385 484 reliquo
420 421 471 464 in
504 420 750 483 Hungaria
791 410 1035 465 decimam
1082 435 1182 464 esse
1227 415 1346 477 juris
1389 413 1578 460 ecclesi-

194 503 344 553 astici,
411 506 495 544 aut
520 516 639 544 vero
663 499 1027 546 constitutivum
1054 514 1212 544 nonae
1241 495 1467 542 dominiis
1489 503 1584 540 ter-

190 579 473 625 restralihus
520 579 870 642 competentis,
928 580 1099 642 quibus
1138 579 1272 641 juxta
1307 576 1582 623 conventio-

189 677 272 704 nes
297 676 410 703 cum
431 660 671 706 subditela
695 661 834 706 initas
850 694 864 717 ‚
922 659 1074 704 etiam
1098 659 1317 704 decimae
1341 657 1582 712 minutae,

191 746 273 783 aut
299 739 515 785 minores
540 740 695 785 dictae
717 742 776 785 ab
808 741 867 785 iis
899 739 1208 801 potissimum
1232 738 1430 795 tenutis,
1459 752 1581 799 quae

190 817 325 880 juxta
348 822 620 881 praemissa
647 823 699 866 in
731 837 882 883 opere
902 822 994 865 hoc
1019 821 1129 864 data
1151 820 1347 863 classem
1371 815 1585 880 ingredi-

192 905 373 957 untur,
431 916 522 961 per
562 901 759 944 colonos
797 901 1037 960 praestari
1068 900 1274 956 debent,
1308 899 1361 942 in
1393 895 1587 941 Austri&-

195 987 357 1024 autem
396 978 585 1025 decima
617 979 738 1023 haec
784 977 905 1038 juris
947 978 1176 1023 duntaxat
1213 976 1471 1024 saecularis
1508 975 1584 1031 sit,

191 1058 327 1103 cuius
365 1060 513 1104 instar
543 1059 818 1121 desumptio
853 1074 1010 1104 nonae
1044 1057 1147 1118 pro*
1174 1065 1312 1118 parte
1350 1056 1589 1101 dominio-

193 1158 307 1186 rum
334 1142 690 1188 terrestralium
739 1147 836 1185 tam
872 1139 1090 1201 benigno
1118 1137 1317 1183 urbario
1359 1153 1505 1198 quam
1541 1140 1592 1180 eb

193 1222 308 1284 ipsis
327 1223 516 1284 patriae
545 1222 738 1285 legibus
762 1221 892 1283 apud
919 1222 1174 1283 Hungaros
1206 1218 1418 1266 stabilita
1449 1222 1534 1262 est.

320 1305 536 1367 Reliquis
587 1303 872 1365 ceteroquin
924 1301 1167 1347 conformi
1210 1298 1588 1362 dispositionum
1649 1291 1659 1330 s

195 1383 450 1446 regiminis
507 1384 705 1447 spiritui
755 1382 1024 1440 fundatis‚·
1075 1381 1414 1427 necessitatem
1454 1378 1588 1423 haud

195 1463 500 1521 subversari,
553 1470 607 1507 ut
633 1463 687 1507 in
711 1462 997 1508 uberiorem
1025 1461 1318 1508 eorumdem
1342 1459 1592 1505 discussio·-

197 1561 343 1600 nem,
392 1551 475 1588 aut
496 1543 861 1588 enarrationem
886 1542 1213 1603 procedatur,
1249 1557 1306 1585 eo
1338 1538 1484 1584 isthic
1511 1538 1590 1582 ad«

196 1624 327 1679 dito,
375 1629 554 1667 statum
581 1622 872 1666 conditionis
916 1622 1205 1666 colonorum
1245 1619 1295 1665 in
1324 1620 1590 1683 Hungaria,

190 1702 372 1747 intuitu
394 1718 504 1747 suae
534 1701 867 1747 subsistentiae
902 1701 1201 1755 mediorum,
1246 1700 1314 1743 ita
1341 1715 1589 1761 compara-

194 1791 299 1827 tum
327 1799 456 1838 esse,
501 1788 554 1825 ut
584 1782 735 1825 relate
758 1781 817 1825 ad
843 1779 1166 1836 industriam,
1225 1777 1446 1840 primum
1471 1779 1591 1825 libe-

194 1878 278 1907 rae
312 1861 611 1924 aquisitionis
630 1860 1045 1916 fundamentum,
1100 1859 1343 1905 diversam
1379 1860 1438 1905 ab
1474 1858 1593 1905 invi-

197 1961 304 1988 cem
335 1942 538 2003 recipiat
567 1938 1006 1996 classificationem,
1046 1955 1166 2001 quae
1198 1938 1330 1984 velut
1357 1945 1496 2000 parte
1531 1939 1591 1983 ab

195 2026 351 2070 altera
375 2022 652 2068 nullatenus
674 2020 831 2066 basim
860 2021 938 2065 vel
962 2036 1152 2064 causam
1176 2019 1229 2064 in
1255 2017 1492 2064 urbariali
1518 2017 1593 2061 in·-

196 2107 362 2152 stituto
382 2137 396 2161 ,
442 2105 520 2150 vel
547 2103 812 2148 subditelae
839 2107 1160 2146 tractamento
1191 2114 1453 2163 quaerere,
1509 2102 1594 2141 aut

196 2187 359 2232 locare
393 2192 581 2247 potest,
636 2183 703 2228 ita
738 2189 875 2245 parte
914 2183 973 2227 ab
1013 2182 1194 2237 altera,
1253 2179 1505 2242 opiniones
1543 2184 1592 2224 et

196 2265 499 2329 praejudicia
528 2264 589 2308 de
615 2262 897 2309 conditione
928 2263 1222 2307 rusticorum
1258 2260 1309 2304 in
1343 2258 1596 2322 Hungaria

198 2345 413 2391 maxime
443 2362 468 2390 e
494 2345 681 2391 defectu
711 2344 879 2390 localis
908 2342 1108 2388 notitiae
1141 2340 1460 2397 manifestata,
1494 2356 1595 2384 non

199 2435 347 2488 prout
376 2427 553 2472 veritas
576 2426 680 2483 rei,
729 2433 776 2470 et
817 2424 1010 2471 actualis
1052 2423 1271 2468 eiusdem
1298 2421 1424 2467 ratio
1454 2421 1597 2482 depo-

205 2508 321 2563 scit,
371 2507 617 2570 originem
645 2507 831 2551 habere
868 2504 1053 2550 censeri
1087 2504 1324 2558 debeant,
1369 2507 1416 2546 et
1455 2500 1492 2546 si
1518 2501 1595 2545 vel

205 2586 482 2632 vicinorum
521 2587 575 2630 in
591 2585 972 2647 Transylvania,
1008 2589 1057 2628 et
1080 2582 1281 2628 Gallicia
1313 2582 1596 2626 colonorum

207 2681 308 2709 sors
328 2672 374 2709 et
401 2666 613 2712 conditio
635 2666 685 2711 in
701 2666 939 2710 calculum
957 2671 1244 2718 animatur,
1269 2661 1474 2723 probam
1493 2677 1599 2721 sup-

209 2746 507 2809 peditabunt.
584 2749 691 2792 Non
729 2746 890 2793 fertile
929 2748 1089 2792 solum
1127 2742 1301 2800 unice,
1357 2743 1594 2805 glebaque

1664 1641 1669 1656 η,

1664 1658 1669 1717 ¹}

1663 1718 1669 1745 ἐξ

1645 1754 1669 1848 ,3⁴

1658 2803 1669 3189 ξ

1657 3120 1659 3166 A
