1669 3189
724 177 1067 217 u-522m-

184 287 424 350 Majestati
448 284 798 332 sacratissimae
844 282 1062 345 proponi
1093 281 1287 341 faciant,
1321 283 1578 347 {siquidem

186 368 425 430 ejusmodi
478 363 793 410 exmissiones
834 364 1013 425 absque
1066 364 1270 426 praevio
1303 365 1466 410 altiori
1505 366 1580 410 in-

187 450 327 494 dultu
359 444 572 506 alioquin
592 442 693 505 jam
728 459 818 505 per
843 443 1070 498 iteratas,
1103 443 1339 506 benignas
1383 455 1578 492 eatenus

187 533 435 573 emanatas
474 524 795 569 resolutiones
836 523 1010 568 vetitae
1050 522 1387 582 haberentur,
1423 528 1506 571 sed
1533 535 1580 572 et

184 607 238 651 id
270 612 458 650 certum
483 603 574 660 sit,
610 605 670 650 ad
700 603 944 666 ejusmodi
984 603 1330 661 exmissiones,
1365 604 1579 663 itinera,

181 694 227 732 et
244 684 644 730 intertentionem
660 684 1004 745 deputatorum
1019 684 1308 728 necessarias
1325 684 1576 745 expensas,

184 782 311 811 cassa
327 781 384 809 ex
399 763 798 810 contributionali
815 763 1222 810 communitatum
1235 781 1347 810 cum
1363 766 1581 811 sensibili

182 845 603 892 contribuentium
640 851 687 888 et
710 843 849 888 fundi
891 843 1315 890 contributionalis
1350 844 1580 909 aggravio

178 927 290 972 fieri
317 925 526 971 assolere
547 957 560 980 ,
595 924 647 967 in
669 939 851 985 genere
879 931 1043 968 autem
1090 925 1424 987 praeexistens
1469 942 1582 989 pro-

177 1004 301 1051 visio
341 1004 482 1068 legis,
507 1002 696 1066 quasvis
744 1001 1118 1047 communitates
1177 1007 1466 1068 ceteroquin
1510 1023 1582 1051 se-

184 1101 322 1131 curas
347 1084 556 1129 reddere
579 1080 750 1145 possit,
787 1081 1062 1126 earundem
1086 1083 1413 1144 querimonias
1443 1102 1583 1146 prae-

182 1166 363 1227 scripta
399 1163 544 1227 legali
577 1163 655 1207 via
690 1160 1017 1218 exhibendas,
1064 1177 1217 1223 penes
1258 1163 1583 1209 assistentiam
1637 1191 1641 1194 -

180 1246 283 1291 fisci
313 1241 685 1307 magistratualis
707 1258 792 1286 suo
814 1241 918 1285 loco
943 1242 1320 1299 assummendas,
1355 1260 1408 1288 ac
1436 1242 1581 1299 subin

183 1323 443 1368 altissimae
469 1320 707 1367 decisioni
734 1336 824 1382 pro
856 1336 910 1364 re
939 1327 1055 1365 nata
1079 1321 1461 1368 substernendas
1507 1339 1585 1369 ve-

182 1404 318 1462 nire3
354 1410 407 1448 ut
438 1402 489 1447 in
514 1402 728 1457 casibus,
763 1399 850 1445 ubi
901 1400 1144 1447 decisione
1190 1403 1448 1449 comitatus
1494 1403 1583 1447 mi-

181 1502 269 1529 nus
287 1490 704 1539 contentarentur,
721 1489 875 1528 semet
892 1483 952 1526 ad
967 1483 1279 1529 constitutum
1297 1499 1444 1546 penes
1466 1485 1584 1529 Can-

185 1563 433 1609 cellariam
464 1564 655 1625 regiam
682 1563 951 1625 hungarico
978 1562 1186 1607 aulicam
1213 1580 1304 1624 pro
1323 1571 1459 1625 parte
1477 1564 1585 1609 suh-

183 1643 402 1688 ditorum
431 1649 654 1705 agentem
696 1642 911 1687 aulicum
955 1641 1135 1704 scripto
1170 1650 1452 1688 convertere
1509 1660 1584 1688 va-

180 1723 342 1780 leant3
378 1723 490 1767 hinc
520 1722 713 1767 altefata
738 1739 821 1767 sua
859 1723 1091 1784 Majestas
1129 1722 1458 1766 sacratissima
1500 1721 1582 1766 be-

184 1801 333 1865 nigne
377 1802 673 1846 demandare
713 1801 912 1864 dignata
938 1810 1010 1846 est
1030 1833 1043 1857 ‚
1080 1809 1132 1846 ut
1163 1801 1224 1847 ad
1255 1800 1583 1863 praepedien-

186 1882 266 1927 das
300 1881 585 1945 hujusmodi
612 1882 824 1926 nimium
857 1882 1135 1945 frequentes
1153 1915 1168 1939 ,
1204 1898 1256 1927 ac
1283 1890 1581 1944 sumptuosas

179 1961 526 2024 deputatorum
557 1963 890 2018 exmissiones,
933 1963 1314 2025 praeexistentes
1360 1979 1502 2025 passu
1524 1964 1577 2009 in

179 2042 270 2087 hoc
294 2042 554 2087 altissimae
588 2044 830 2089 normales
857 2043 1226 2105 dispositiones,
1262 2043 1444 2088 virtute
1466 2039 1579 2106 qua-

177 2138 290 2166 rum
310 2122 626 2168 exmissiones
649 2123 1001 2185 deputatorum
1020 2122 1223 2184 singulis
1253 2123 1579 2169 communita-

181 2203 308 2247 tibus
340 2204 519 2266 absque
545 2204 743 2266 praevio
759 2202 1432 2249 altioriindultuinterdictae
1450 2207 1586 2261 sunt,‘

179 2281 342 2328 denuo
368 2300 425 2329 eo
454 2285 613 2330 addito
637 2284 1044 2347 republicentur3
1086 2285 1220 2346 quod
1243 2284 1295 2329 in
1323 2291 1578 2346 posterum

182 2365 219 2408 si
265 2367 529 2428 quaepiam
559 2367 929 2412 communitates
957 2381 1109 2428 porro
1142 2365 1301 2410 adhuc
1335 2364 1579 2410 altissimis

180 2444 251 2488 his
292 2447 686 2508 dispositionibus
732 2446 1070 2491 contravenire
1120 2445 1578 2507 praesumpserint,

179 2525 530 2572 exmissionum
554 2535 774 2585 autores,
822 2543 874 2573 ac
912 2527 1044 2588 ipsos
1074 2541 1265 2588 quoque
1305 2523 1574 2570 communi-

182 2610 334 2649 tatum
370 2610 656 2670 deputatos,
716 2627 817 2655 non
860 2609 1007 2654 modo
1033 2606 1337 2671 ⁸gravissimo
1378 2621 1579 2668 respon-

181 2688 328 2733 sionis
359 2691 522 2747 oneri,
558 2699 606 2737 et
645 2691 888 2738 refusioni
913 2706 1238 2753 expensarum
1278 2689 1341 2734 ad
1382 2687 1465 2732 has
1503 2701 1577 2731 ex-

177 2769 429 2819 missiones
454 2775 811 2836 erogandarum
829 2805 845 2832 ,
877 2773 960 2822 secl
997 2778 1046 2820 et
1075 2772 1204 2820 ultra
1231 2769 1286 2816 id
1305 2801 1321 2826 ,
1367 2782 1459 2831 pro
1502 2781 1577 2813 ra-
