1669 3189
591 190 662 203 m
719 168 804 223 55q
863 189 961 219 mn·

161 277 305 330 ¹Hinc
341 275 543 339 profluit
589 276 877 320 colonorum
916 273 1270 330 abaestimafio,
1316 291 1440 337 quae

54 357 107 402 in
148 357 312 403 codice
361 355 600 401 austriaco
656 355 892 400 urbariali
930 355 981 398 in
1027 352 1445 411 tribus-casibus,

53 437 220 481 locum
254 437 420 485 habet,

189 527 228 563 1.
285 515 332 560 Si
395 516 597 560 colonus
636 513 902 559 concitator
941 513 1001 556 ad
1048 511 1314 557 tumultum
1367 512 1440 559 sit.

70 652 74 653 ⁷
183 606 230 642 2.
267 594 311 639 Si
345 611 450 639 suas
491 595 732 639 realitates
775 592 902 636 ultra
933 597 965 656 g
995 592 1047 635 in
1080 594 1244 638 valore
1273 609 1442 640 earun-

53 673 165 719 dem
199 673 440 718 inoneret.

186 765 227 802 5.
269 753 317 799 Si
340 752 511 798 fundos
544 767 649 795 suos
674 750 846 812 supina
868 749 1177 813 negligentia,
1218 769 1319 797 non
1359 754 1439 798 ob-

54 840 207 879 stante
246 830 580 877 admonitione
602 847 806 894 prorsus
830 830 1062 876 desolatos
1091 830 1277 876 reddat.
1329 834 1441 894 Qui-

50 913 257 958 busnam
292 911 342 957 in
377 911 594 968 casibus,
653 918 700 956 et
731 910 793 955 ob
824 927 937 973 quas
984 927 1144 956 causas
1184 913 1377 957 colonus
1414 930 1440 957 e

48 993 260 1039 sessione
290 1008 374 1037 sua
398 992 619 1048 turbari,
657 999 704 1036 et
732 992 977 1038 eliminari
1002 992 1169 1054 possit,
1206 992 1445 1037 sufficien-

51 1073 182 1119 tibus
216 1073 396 1136 pagina
424 1076 531 1120 326.
576 1071 848 1133 expositum
879 1078 971 1127 est,
1016 1087 1228 1133 quorum
1262 1072 1444 1117 intuitu

54 1152 351 1197 combinatio
397 1152 457 1195 acl
503 1152 712 1197 invicem
743 1152 983 1196 caleulum
1010 1151 1442 1197 administrationis

50 1233 276 1294 publicae
299 1232 350 1277 iri
379 1233 625 1296 Hungaria
649 1233 939 1277 sustentabit
965 1231 1179 1277 uberius,

183 1314 259 1356 De
288 1314 687 1363 abaestimatione
724 1313 862 1358 fundi
896 1313 1168 1359 colonicalis
1205 1311 1256 1355 in
1295 1311 1445 1357 curia-

49 1393 149 1435 lem
181 1390 234 1434 in
265 1408 375 1436 casu
403 1392 522 1454 legis
560 1392 692 1442 (vide
718 1410 828 1455 pag·
855 1400 956 1443 38.)
981 1391 1231 1437 occasione
1257 1392 1445 1438 divisio-

47 1470 122 1514 nis
159 1469 210 1514 in
240 1469 491 1532 Hungaria
529 1471 691 1514 locum
722 1471 932 1516 habente
951 1503 965 1526 ,
1014 1472 1163 1516 codex
1185 1474 1445 1518 austriacus

50 1549 175 1594 nihil
201 1550 419 1614 attingit3
457 1551 542 1595 sed
576 1550 756 1595 similes
794 1567 925 1595 casus
953 1550 1218 1595 admodum
1245 1553 1364 1607 rari,
1401 1561 1448 1598 et
1498 1570 1501 1572 ·

51 1644 108 1672 ex
137 1637 277 1690 parte
312 1629 498 1692 publici
526 1631 577 1674 in
605 1629 1021 1676 conservationem
1041 1629 1181 1675 fundi
1206 1633 1450 1677 contribu-

50 1707 240 1754 tionalis
263 1711 452 1770 optima
473 1711 704 1771 provisio.

185 1790 267 1833 Jus
297 1797 580 1833 montanum
608 1790 753 1833 etiam
777 1789 829 1832 in
843 1789 1033 1834 Austria
1057 1790 1257 1847 obtinet,
1293 1791 1446 1836 multa

54 1870 111 1914 de
151 1886 206 1914 eo
236 1876 527 1925 occurrunt,
579 1870 693 1930 quin
729 1869 951 1931 ejusdem
990 1871 1226 1931 quantitas
1258 1873 1319 1916 ad
1345 1889 1447 1933 spe-

54 1949 249 1995 cificum
277 1950 476 1994 reducta
508 1949 582 1994 sit.

182 2031 441 2075 Termini:
496 2028 847 2091 chgbcrrfcbaft
875 2056 940 2062 —
969 2028 1190 2090 chgberr
1215 2057 1280 2063 ——-
1303 2028 1444 2091 §norff

55 2112 149 2169 both
177 2138 242 2144 —-
269 2110 523 2173 chgbienst
547 2138 612 2143 —
639 2109 882 2171 Qergrecbt.

188 2193 362 2237 Existit
407 2193 459 2236 in
497 2192 671 2236 eodem
717 2192 878 2235 codice
915 2190 1176 2252 peculiaris
1215 2199 1444 2237 tractatus

58 2277 117 2321 de
156 2275 259 2334 jure
283 2260 551 2336 prafflurali
590 2271 1064 2333 (Qosstcpberrfcbaft),
1117 2272 1361 2334 originem
1387 2274 1446 2317 ab

57 2354 402 2417 antiquissimis
453 2353 610 2399 adhuc
660 2344 962 2414 temporibus
1007 2352 1257 2408 trahente,
1328 2353 1446 2398 dum

59 2435 240 2497 quippe
279 2434 465 2479 domini
503 2442 758 2479 terrestres
790 2434 984 2478 colonos
1023 2450 1129 2478 suos
1154 2434 1446 2494 praesertim

6 2566 11 2570 ⁶
58 2523 285 2576 tempore
326 2515 571 2560 bellorum
611 2514 810 2575 majoris
855 2515 1123 2559 securitatis
1156 2531 1320 2570 causa,
1365 2530 1447 2575 po-

59 2594 346 2640 tentioribus
374 2596 599 2640 tutandos
633 2595 950 2649 addixerunt,
1001 2595 1087 2640 sub
1112 2610 1258 2640 onere
1284 2601 1444 2638 certae

69 2673 272 2720 alicuius
297 2675 634 2734 praestationis
659 2691 748 2735 per
770 2675 994 2719 tutelatos
1020 2674 1320 2736 pendendae.
