1669 3189
602 181 672 194 m
730 155 813 200 555
873 179 961 219 ..Μ-

95 264 313 310 obstricti
356 272 466 312 sunt
492 292 558 303 --
602 265 784 323 §utente
828 265 910 328 qui
939 263 1122 309 nullam
1158 261 1360 307 domum
1395 269 1475 308 aut

94 344 265 389 fundos
295 345 472 390 hahent
488 371 550 378 —-—
580 342 884 403 §Ieinbdusslcr
906 343 1053 388 etiam
1075 340 1309 402 Syofstd'ttet·
1333 339 1475 402 dicti)

97 425 424 482 Octavalistis,
455 433 603 488 prout
653 426 703 470 in
733 423 985 486 Hungaria
1027 427 1135 479 est,
1161 441 1261 469 non
1287 437 1477 482 compa-

97 505 347 562 rentibus,
401 508 527 567 quod
568 505 835 549 maximam
884 504 1206 549 differentiam
1229 504 1381 547 relate
1418 501 1478 545 ad

94 586 351 630 urbarium
382 586 710 648 hungaricum
739 583 877 638 sistit,
905 591 992 639 est,
1023 584 1156 645 quod
1185 582 1318 642 juxta
1349 581 1479 643 priu-

489 621 515 647 ἢ

98 667 282 727 cipium
319 667 441 710 illud
465 701 478 720 ‚
534 665 1011 726 obligationem
1059 663 1351 708 robottae
1400 678 1480 706 so-

92 745 409 789 lummodo
445 743 664 790 fundis
701 734 1146 788 dom‘iciliatis
1169 776 1182 800 ,
1217 743 1482 788 nullate-

94 844 205 871 nus
255 833 461 870 autem
508 833 635 870 extr
655 825 933 870 aviliani
957 843 974 868 s
1011 825 1393 879 inhaerere,
1428 823 1482 868 in

93 905 284 950 Austris
321 898 500 967 absque
538 903 824 951 discrimine
860 904 1136 966 qualitatis,
1173 921 1231 948 an
1259 904 1481 966 integrae

93 988 167 1032 vel
219 984 411 1030 mediae
441 1017 454 1040 ,
506 984 583 1027 vel
621 991 822 1045 quartae
873 982 1087 1027 sessionis
1146 983 1305 1027 coloni
1351 983 1474 1038 sint,

94 1083 262 1112 omnes
296 1066 347 1110 hi
371 1065 658 1127 singillatim
683 1065 788 1112 10¹4.
817 1065 981 1109 diebus
1000 1080 1090 1125 per
1118 1079 1301 1108 annum
1326 1064 1487 1107 robot-

88 1156 156 1192 tas
185 1147 432 1191 manuales
472 1152 724 1206 praestare
761 1146 855 1188 sint
899 1145 1181 1207 obligati—
1206 1145 1486 1206 proportio-

90 1243 152 1270 ne
193 1234 387 1271 eatenus
438 1224 487 1268 in
522 1226 769 1287 Hungaria
809 1223 1071 1269 districtim
1106 1225 1259 1268 defixa
1284 1226 1487 1270 existen-

92 1313 169 1351 te:
220 1306 352 1363 unde
391 1321 621 1349 mensura
650 1305 1005 1349 beneficiorum
1046 1310 1093 1348 et
1129 1320 1335 1348 onerum
1361 1306 1478 1349 uhe-

62 1386 191 1429 'rius
238 1384 467 1445 patescit,
506 1401 615 1427 cum
645 1383 779 1443 juxta
803 1391 1024 1429 attactam
1053 1384 1424 1445 proportionem
1459 1401 1487 1430 a

87 1465 386 1528 possessorio
419 1463 717 1508 constitutivi
752 1465 1018 1509 sessionalis
1059 1480 1150 1525 pro
1184 1466 1378 1510 ratione.
1407 1480 1481 1510 ae-

95 1549 180 1610 qui
213 1554 258 1592 et
283 1545 396 1606 justi
430 1545 698 1606 majoribus
726 1546 956 1590 oneribus
978 1579 991 1601 ,
1028 1562 1173 1607 quam
1202 1547 1324 1591 ratio
1345 1546 1488 1590 bene-

96 1628 196 1673 ficii
221 1627 459 1683 admittat,
481 1626 747 1688 hungarica
760 1625 998 1671 subditela
1019 1626 1148 1671 haud
1178 1624 1485 1686 subjiciatur,

90 1709 528 1767 necessitatemque
573 1705 718 1766 hujus
763 1723 962 1752 normae
1003 1707 1251 1769 principia
1282 1702 1488 1749 admini-

95 1786 340 1833 strationis
384 1785 608 1847 publicae
639 1784 770 1844 juxta
807 1785 984 1830 defixas
1012 1786 1180 1831 classes
1199 1788 1486 1830 sustentent.

91 1869 404 1930 Profligatum
452 1873 523 1910 est
559 1882 702 1910 omne
737 1866 787 1909 in
814 1864 1152 1926 desumptione
1177 1867 1489 1910 rohottarum

99 1948 385 2002 arbitrium,
423 1947 601 1991 tabella
650 1945 933 2000 urbarialis,
992 1961 1114 2005 quae
1156 1960 1270 1988 cum
1311 1942 1487 1987 ceteris

100 2029 215 2075 actis
243 2025 794 2088 urbario-regulatoriis
855 2024 1141 2070 altissimam
1183 2022 1488 2086 adprobatio-

97 2125 214 2156 nem
270 2107 445 2163 subiit,
502 2106 712 2150 deservit
732 2122 822 2167 pro
840 2118 843 2120 ·
862 2122 1037 2150 norma
1071 2104 1241 2150 sanciti
1286 2109 1479 2147 eatenus

98 2188 437 2247 tractamenti,
487 2204 605 2248 quae
651 2188 802 2231 relate
842 2186 902 2229 ad
934 2186 1098 2247 ipsum
1124 2180 1479 2245 possessorium

101 2272 152 2316 in
183 2270 312 2314 libro
338 2268 560 2313 funduali
593 2285 734 2312 suum
758 2268 945 2313 obtinet
978 2266 1233 2310 calculum.

239 2352 410 2395 Casum
436 2366 550 2394 vero
575 2349 623 2393 in
652 2366 784 2404 eum,
819 2348 903 2392 ubi
927 2349 978 2392 in
999 2345 1188 2392 Austria
1215 2342 1490 2406 integralis-2

106 2438 155 2474 ta
187 2430 354 2492 bijugo
393 2430 659 2486 duntaxat,
697 2437 776 2474 aut
806 2428 1019 2473 manuali
1050 2428 1218 2471 labore
1242 2460 1255 2483 ,
1291 2425 1484 2469 mediae

110 2518 270 2557 autem
310 2510 533 2555 sessionis
577 2511 771 2554 colonus
811 2509 950 2554 unice
987 2507 1204 2553 manuali
1243 2522 1390 2568 opera
1413 2520 1490 2546 ro-

109 2593 296 2637 bottam
334 2591 561 2648 absolvit,
599 2592 878 2654 obligantur
902 2589 1056 2634 iidem
1081 2588 1227 2633 etiam
1258 2587 1384 2632 ultra
1414 2584 1490 2628 de,

113 2672 261 2717 fixum
304 2671 499 2717 dierum
552 2688 816 2719 numerum
854 2672 1062 2718 rohottas
1097 2674 1373 2732 praestare3
1422 2664 1489 2709 ita
