1669 3189
599 143 939 186 *511*—

90 247 184 294 loci
209 245 340 292 illius
355 278 371 302 ,
405 261 462 292 ex
488 262 582 308 quo
608 246 769 292 coloni
793 247 1145 313 profugerunt,
1204 247 1494 296 alleviamen

88 334 429 383 convertatur,
483 327 686 372 demum
712 328 952 390 expensae
983 329 1130 373 etiam
1155 333 1485 390 processuales

91 410 142 454 in
170 407 415 453 talismodi
444 408 861 471 magistratualem
883 424 1076 453 causam
1101 411 1377 472 erogandae
1405 412 1487 455 do-

86 490 245 534 minio
294 488 519 532 terrestri
561 487 926 549 supportandae
979 488 1301 546 incumbunt,
1373 507 1488 537 cum

84 571 220 617 enim
243 568 541 631 reipublicae
576 568 793 625 intersit,
830 575 883 612 ut
909 568 1083 614 fundus
1105 571 1490 618 contributiona-

84 649 142 695 lis
191 656 424 710 tanquam
464 650 525 694 ad
571 647 884 695 sublevandas
920 647 1137 709 publicas
1176 653 1487 698 necessitates

90 730 376 786 destinatus,
412 729 548 775 omni
581 729 789 774 meliore
815 729 961 773 modo
991 740 1336 790 conservetur,
1372 734 1488 779 hinc

82 811 255 873 utique
278 810 460 871 justum
489 816 591 866 est,
627 810 750 856 utin
775 811 926 855 talem
957 811 1040 873 qui
1076 812 1187 856 data
1223 830 1399 874 opera,
1437 821 1486 858 et

82 893 357 956 illegalibus
409 891 568 937 modis
623 891 1002 938 diminutionem
1053 892 1182 937 illius
1232 901 1483 954 procurat,

85 988 175 1037 pro
205 972 433 1034 exemplo
461 990 655 1034 quoque
691 973 903 1017 aliorum
938 988 1106 1018 severe
1131 974 1486 1020 animadverta-

80 1060 175 1099 tur.
210 1054 268 1098 U.
292 1054 350 1097 T.
383 1055 522 1103 1768,
545 1051 646 1096 fisci
665 1053 993 1116 zagrahiensis
1024 1070 1058 1099 e.
1082 1054 1140 1103 Β.
1169 1055 1481 1103 Ρειυ.Ριεωοὴ.

216 1131 437 1193 Nlajores
480 1140 645 1177 autem
683 1133 863 1195 gradus
906 1133 1125 1178 saevitiei
1164 1132 1370 1193 majores
1411 1150 1491 1177 ex-

88 1213 229 1274 igunt
280 1229 490 1273 poenam,
547 1212 834 1274 'provisione
885 1214 1078 1260 articuli
1128 1219 1200 1261 14.
1243 1219 1381 1262 1514.
1433 1212 1489 1259 id.

88 1294 252 1355 ipsum
277 1291 514 1356 exigente.

707 1428 824 1466 ART.
861 1429 896 1462 I.

92 1521 175 1565 De
208 1519 428 1576 ordine,
480 1521 530 1564 el
568 1521 888 1564 assistentia
925 1513 1058 1579 fisci
1091 1524 1487 1582 magistr-atlta-

275 1586 347 1630 lis
376 1586 796 1647 querulantibzzs
819 1586 1028 1631 colonis
1053 1589 1315 1632 resolata.

211 1694 470 1738 Dominali
510 1692 850 1752 jurisdictione
892 1694 1089 1755 legibus
1130 1696 1303 1757 patriis
1333 1696 1384 1739 in
1414 1714 1489 1742 su-

86 1763 431 1818 stentationem
466 1771 656 1835 jurium
693 1774 1083 1829 terrestralium,
1129 1782 1175 1820 et
1218 1776 1370 1838 ipsius
1399 1778 1488 1821 eti-

70 1862 166 1898 ‘am
203 1853 473 1899 subditelae
505 1852 897 1910 beneficiorum,
953 1871 1005 1898 ac
1035 1857 1488 1902 emolumentorum

83 1933 376 1980 conditionis
423 1932 776 1978 certitudinem
812 1935 1019 1995 provide
1059 1933 1158 1995 jam
1184 1938 1488 1997 praestabili-

87 2023 165 2072 ta,
213 2022 362 2078 prout
393 2013 620 2058 dominus
656 2014 904 2059 terrestris
945 2015 998 2058 in
1023 2023 1252 2077 respectu
1277 2017 1486 2062 subdito-

86 2113 200 2141 rum
258 2111 462 2142 suorum
502 2094 664 2140 sorum
711 2107 749 2143 1.
784 2095 1045 2141 instantiae
1088 2095 1363 2152 constituit,
1416 2097 1485 2142 ita

83 2185 219 2222 recto
246 2175 412 2221 ordini
444 2177 642 2222 omnino
682 2185 1062 2222 consentaneum
1094 2183 1196 2233 est,
1242 2184 1294 2221 ut
1328 2177 1485 2239 queri-

86 2256 255 2300 monia
286 2255 546 2301 urharialis
591 2258 812 2319 primum
852 2265 900 2302 et
934 2265 1046 2302 ante
1083 2259 1250 2303 omnia
1287 2273 1485 2302 concer-

84 2335 225 2380 nenti
249 2335 446 2380 domino
476 2337 703 2381 terrestri
735 2354 827 2399 pro
863 2338 1061 2382 medela
1101 2345 1150 2382 et
1173 2338 1482 2399 procuranda

84 2415 481 2478 complanatione
511 2426 819 2481 proponatur
839 2452 852 2474 ‚
885 2420 1007 2464 haec
1039 2435 1129 2480 per
1151 2419 1364 2464 eundem
1386 2418 1483 2480 pri-

84 2511 166 2538 mo
200 2513 294 2556 quo
322 2498 432 2542 fieri
464 2500 653 2561 poterit
692 2508 948 2562 tempore,
1002 2499 1266 2562 praemissa
1301 2500 1373 2544 rei
1407 2515 1482 2543 co·

83 2574 331 2638 guidone,
388 2595 475 2623 seu
502 2597 596 2641 per
625 2582 1104 2638 accomodationem,
1156 2598 1239 2627 seu
1269 2583 1359 2627 hac
1382 2598 1481 2625 non

92 2658 403 2715 succedente,
463 2676 554 2721 per
598 2662 834 2722 scriptum
875 2662 1156 2724 querulanti
1196 2663 1369 2708 colono
1407 2678 1481 2705 ex-

89 2737 271 2785 tradari
312 2740 508 2786 solitum
550 2740 769 2787 decisum
812 2737 1098 2804 superetur,
1159 2742 1198 2789 si
1238 2745 1329 2790 hac
1355 2740 1480 2786 deci-
