1669 3189
723 209 793 219 m..
851 187 937 237 548
992 210 1062 219 ...-

203 290 642 365 xiiagist1·atualium
668 310 770 356 cap.
800 294 859 337 V.
906 292 945 353 §.
974 305 1045 340 17.
1082 294 1267 340 actione
1295 296 1444 342 fiscali
1481 314 1588 345 con-

200 382 359 427 veniri
380 377 587 441 possint,
642 373 779 419 cuius
805 373 1066 418 altissimae
1085 373 1366 421 intentionis
1395 379 1590 424 effectus

201 480 292 526 pro
329 463 602 519 comperto,
661 454 988 516 jurisdictioni
1017 455 1153 501 cuius
1191 451 1449 514 intererit,
1503 459 1590 504 sub

202 539 504 588 strictissimo
533 551 683 582 onere
707 535 1039 598 responsionis
1068 552 1124 581 eo
1154 537 1316 583 addito
1339 537 1594 599 injungen-

202 622 292 664 dus
325 634 429 663 esse
458 617 919 672 commendabatur,
965 623 1019 661 ut
1055 616 1310 679 publicum
1347 618 1596 680 magistra·
1659 615 1661 617 ’

201 706 333 754 tum,
385 697 467 760 qui
495 696 850 743 conservationi
882 696 1296 742 contribuentium
1315 688 1596 759 iisdemque

202 777 618 824 administrandae
639 777 848 840 justitiae
875 793 965 840 pro
997 776 1186 833 officio,
1224 779 1596 841 exposcentibus

202 858 256 902 id
282 859 444 920 ipsum
470 857 677 920 pubiicis
699 858 886 919 legibus
904 890 916 913 ,
953 858 1084 902 omni
1115 874 1224 902 cum
1256 857 1597 915 sollicitudine,

206 938 504 999 remotisque
535 936 718 980 cunctis
743 936 1041 997 respectibus
1068 937 1353 982 incumbere
1385 945 1597 994 tenetur,

207 1019 266 1063 ad
296 1016 687 1064 satisfaciendum
728 1014 865 1060 omni
905 1031 962 1059 ex
997 1023 1134 1076 parte
1167 1017 1280 1061 huic
1312 1018 1461 1080 legali
1488 1034 1600 1063 suae

207 1097 494 1162 obligationi.
532 1094 884 1141 efficacissime
911 1095 1129 1157 stringat.
1214 1097 1267 1141 In
1301 1097 1490 1158 reliquo
1523 1114 1603 1159 pe·
1654 1118 1657 1119 ⁷

201 1179 316 1224 liari
346 1193 489 1223 curae
520 1177 579 1221 sit
598 1175 1039 1237 jurisdictionibus,
1086 1181 1139 1219 ut
1170 1174 1358 1236 objecta
1385 1175 1603 1220 urbaria-

203 1262 270 1306 lia
302 1259 435 1304 omni
477 1274 587 1303 cum
635 1255 961 1303 exactitudine
1011 1264 1404 1318 pertractentur,
1463 1262 1508 1300 et
1551 1254 1604 1301 in

206 1358 286 1386 eos
305 1374 317 1396 ,
353 1340 404 1384 in
435 1355 551 1401 quos
581 1338 723 1399 culpa
759 1353 843 1381 seu
863 1336 1157 1381 morositatis
1180 1354 1265 1382 seu
1288 1336 1485 1383 alterius
1513 1336 1604 1380 im-

204 1419 472 1484 putationis
499 1417 766 1474 reciderit,
802 1417 977 1463 auditis
1006 1416 1277 1476 audiendis,
1318 1433 1486 1464 severe
1509 1416 1606 1462 ani-

203 1499 590 1545 madvertatur.“

336 1575 772 1642 Quemadmodum
808 1574 997 1634 ObJecta
1038 1577 1306 1622 urbarialia
1339 1578 1390 1621 in
1412 1576 1609 1620 univer·

208 1658 271 1704 sis
298 1657 441 1719 regni
476 1656 786 1701 comitatibus
819 1656 985 1700 medio
1021 1656 1410 1702 comissariorum
1449 1655 1606 1720 regio-

210 1755 321 1782 rum
361 1744 660 1799 pertractata
689 1737 832 1780 initio
871 1735 1045 1792 fuisse,
1091 1737 1224 1797 ipsae
1262 1737 1605 1782 instructiones
1668 1750 1669 1756 ¹

211 1819 459 1863 occasione
488 1816 752 1862 introducti
785 1816 974 1861 urbarii
1015 1832 1105 1877 pro
1140 1821 1279 1877 parte
1303 1816 1603 1863 comissarioa

210 1891 325 1943 rum
355 1897 711 1961 regulationem
750 1898 873 1943 hanc
907 1897 1358 1952 introducentium,
1416 1906 1462 1942 et
1498 1914 1602 1944 exe-

212 1979 470 2042 quentium
497 1978 946 2040 magistratualium
971 1984 1244 2034 emanatae,
1284 1978 1483 2023 uberius
1507 1994 1605 2024 ma-

211 2060 461 2116 nifestant,
491 2059 559 2103 ita
581 2075 707 2103 nunc
732 2075 940 2121 quoque,
963 2058 1047 2102 ubi
1075 2059 1199 2103 ratio
1225 2057 1604 2104 circumstantia·
1665 2051 1666 2055 ¹

211 2156 322 2185 rum
350 2139 595 2201 deposcit,
647 2154 781 2183 suam
808 2136 1117 2199 Majestatem
1141 2135 1517 2182 sacratissimam
1543 2137 1604 2182 ad

208 2221 341 2282 ipsas
384 2217 704 2263 comitatuum
753 2218 1186 2281 congregationeS,
1246 2217 1331 2261 sed
1375 2223 1422 2260 et
1471 2232 1602 2262 secus

209 2316 302 2363 pro
330 2315 559 2361 supremo
589 2315 673 2343 suo
700 2296 807 2358 jure
830 2298 970 2360 regio
988 2331 1001 2354 ,
1037 2304 1086 2342 et
1115 2299 1367 2343 observato
1404 2295 1456 2342 in
1482 2297 1601 2342 haec
1632 2329 1634 2331 ·

212 2397 367 2442 usque
408 2387 638 2440 tempora
685 2394 804 2435 usu,
866 2377 1172 2422 comissarios
1227 2377 1386 2440 regios
1434 2390 1603 2439 perae-

216 2477 307 2522 que
345 2459 633 2514 exmittere,
682 2465 824 2520 atque
859 2457 1166 2502 executivam
1205 2465 1496 2520 potestatem
1527 2474 1602 2502 ex-

215 2555 415 2595 ercere,
449 2548 501 2584 ut
527 2539 907 2600 implementum
933 2539 1129 2602 legum,
1173 2546 1220 2583 et
1248 2537 1601 2584 resolutionum

212 2618 473 2665 efficaciter
495 2627 814 2682 procuretur,
861 2619 1078 2664 officiosa
1105 2620 1243 2664 docet
1276 2617 1599 2681 experientia⁶

212 2698 282 2742 Ex
311 2696 415 2758 ipso
448 2706 700 2758 systemate
733 2699 971 2744 urbariali
999 2699 1131 2755 fluit,
1166 2699 1218 2743 in
1252 2697 1462 2754 casibus,
1513 2697 1599 2742 ubi

218 2793 307 2839 per
331 2777 482 2823 editos
502 2780 754 2826 altissimos
769 2780 982 2837 ordines,
1003 2782 1244 2827 observati
1266 2780 1428 2826 nesors
1446 2793 1599 2823 exces-
1623 2795 1626 2800 ’
