1669 3189
626 170 696 180 -Μ
753 147 840 190 535
897 170 983 213 ..fl--

108 254 478 301 cumtenentiali
494 289 507 312 ,
545 262 594 299 et
615 257 798 301 excelsa
823 255 1127 301 cancellaria
1146 256 1282 318 regia
1309 259 1496 323 hungo„-

106 335 209 380 rico
243 336 425 391 aulica,
476 336 536 379 ad
570 337 930 397 praescriptum
948 336 1150 398 benigni
1177 338 1394 399 urbarii,
1446 348 1497 385 et

104 415 448 460 altissimarum
471 417 822 461 resolutionum
851 418 1119 479 regiarum,
1151 433 1345 481 semper
1369 437 1498 465 sum-

104 513 187 542 mo
221 513 333 541 cum
374 498 572 558 rigore,
638 496 691 540 in
723 496 992 540 officiosam
1031 499 1495 559 perti-actrationem

102 576 284 622 summi
311 584 356 621 et
384 579 566 639 absque
605 576 740 621 omni
771 575 988 638 partium
1025 585 1277 640 respectu,
1334 581 1500 626 decidi

105 659 281 702 solent.
367 660 435 702 Ne
479 665 640 702 autem
679 674 812 701 casus
845 656 1104 713 eveniant,
1173 677 1265 722 quo
1297 663 1501 724 agendo-

101 753 217 782 rum
249 737 572 782 urbarialium
611 736 765 780 moles
797 753 936 782 causa
970 739 1119 800 possit
1145 755 1275 795 esse,
1324 741 1502 786 tardio-

102 817 170 862 ris
199 831 518 878 processuum
553 815 991 877 superrevisionis‚
1043 825 1184 880 atque
1212 820 1499 865 meritoriae

102 896 388 951 decisionis,
442 896 575 941 unde
613 897 995 958 protelationem
1025 899 1369 959 querelarum,
1420 908 1503 945 aut

101 977 505 1040 praetensionum
530 976 817 1022 omnimode
856 976 1096 1037 justarum
1128 979 1181 1022 in
1213 996 1358 1025 annos
1394 981 1501 1025 suh-

105 1058 242 1120 sequi
286 1058 558 1121 contingat,
611 1058 814 1119 provide
859 1057 1149 1120 dispositum
1193 1067 1292 1116 est,
1352 1066 1406 1103 ut
1439 1060 1501 1105 ad

105 1139 477 1184 accelerandam
516 1154 828 1199 processuum
874 1137 1199 1184 urbarialinm
1240 1147 1503 1202 pertracta-

98 1220 314 1275 tionem,
386 1219 447 1262 ad
489 1219 762 1263 Consilium
803 1220 1002 1280 regium
1043 1219 1242 1265 locumt.
1289 1227 1500 1281 quatuor

103 1299 409 1354 Consiliarii,
447 1299 508 1342 ad
535 1299 888 1344 cancellariam
911 1301 1099 1362 regiam
1123 1298 1391 1361 hungarico
1421 1315 1502 1342 au.-

105 1377 252 1421 licam
287 1385 387 1422 tres
403 1378 745 1422 Referendarii
768 1379 912 1422 aulici
939 1378 1189 1424 constituti
1225 1377 1503 1435 extiterint3

101 1475 194 1520 qua
210 1456 507 1520 provisione,
523 1457 641 1502 sorti
657 1459 964 1516 colonorum,
990 1468 1036 1504 et
1058 1459 1244 1519 juribus
1263 1457 1504 1502 dominio-

102 1553 218 1582 rum
248 1536 610 1582 terrestralium
634 1537 993 1582 administratio
1018 1539 1215 1599 publica
1240 1539 1290 1582 in
1312 1554 1368 1582 eo
1397 1554 1502 1601 gra-

101 1618 169 1662 du
211 1618 485 1662 consultum
519 1634 617 1662 esse
652 1617 841 1675 voluit,
896 1626 949 1663 ut
988 1619 1104 1662 dum
1131 1625 1271 1680 parte
1309 1617 1367 1660 ab
1406 1634 1506 1662 una

103 1699 397 1743 subditelam
438 1698 709 1743 nobilitatis
748 1698 1043 1761 hungaricae
1075 1696 1127 1742 in
1164 1696 1389 1742 omnibus
1422 1697 1504 1741 he-

104 1775 293 1821 neficiis
332 1783 379 1819 et
405 1773 595 1836 juribus
622 1775 821 1820 urhario
855 1775 1075 1820 stabilitis
1115 1779 1500 1823 conservandam

105 1856 343 1917 disponit,
379 1872 533 1901 onera
561 1872 774 1917 quoque,
807 1856 1155 1915 praestationes
1178 1858 1387 1919 quippe,
1423 1858 1503 1902 da·-

108 1936 214 1992 tias,
251 1943 297 1979 et
320 1937 578 1981 servitutes
602 1943 704 1981 tam
730 1935 952 1981 dominio
972 1952 1118 1998 quam
1147 1938 1344 1998 publico
1373 1955 1502 1983 com-

107 2022 363 2078 petentes,
397 2033 643 2079 peraeque
672 2017 873 2062 urbario
909 2016 1094 2072 defixa,
1141 2018 1319 2079 absque
1343 2035 1502 2062 resen-

102 2114 158 2143 su
195 2096 399 2142 ferenda
424 2096 605 2142 diserte
626 2097 812 2160 exigat,
871 2104 1008 2159 parte
1049 2104 1211 2142 autem
1237 2098 1293 2141 ab
1323 2097 1497 2153 altera,

105 2180 226 2224 dum
273 2177 382 2238 jura
415 2178 683 2223 dominalia
725 2178 914 2241 legibus
956 2185 1005 2223 et
1039 2177 1236 2223 urbario
1275 2175 1499 2233 definita,

104 2260 158 2305 in
192 2261 448 2321 complexu
481 2266 650 2304 contra
685 2276 848 2304 omnes
878 2261 1077 2314 abusus,
1120 2264 1202 2303 aut
1244 2255 1500 2301 involutio-

105 2357 191 2385 nes
223 2341 531 2385 sustentanda
557 2339 902 2397 commendat,
939 2340 1273 2383 dominiorum
1301 2355 1497 2400 quoque

107 2420 465 2466 terrestralium
497 2419 800 2482 procedendi
843 2427 896 2464 et
927 2420 1103 2483 agendi
1130 2435 1356 2462 normam
1387 2433 1500 2463 cum

105 2515 191 2545 sua
217 2499 454 2545 subditela
492 2501 553 2544 ad
583 2502 950 2564 praescriptum
979 2500 1235 2546 urbarialis
1271 2506 1500 2560 systema-

108 2580 167 2624 tis
195 2579 426 2625 inomisse
451 2583 939 2628 commensurandam
964 2580 1220 2627 districtim
1249 2577 1496 2641 injungat3

110 2660 247 2707 cuius
269 2660 530 2710 altissimae
555 2663 843 2713 intentionis
873 2663 1069 2726 spiritus
1086 2694 1102 2719 ,
1156 2662 1207 2708 in
1231 2667 1496 2725 pertracta-
