1669 3189
727 151 1068 191 -ussoem

222 264 435 321 'jusmodi
483 256 820 323 querimoniae
866 256 1066 301 indilate
1110 259 1490 322 investigentur,
1561 267 1609 305 et

219 361 312 407 pro
341 339 600 401 compertis
625 337 862 399 ejusmodi
890 337 1176 393 defectibus,
1208 340 1446 400 regulatio
1465 340 1606 384 urba.

220 423 354 468 rialis
383 419 721 475 modificetur,
766 418 1054 481 miserisque
1084 418 1504 464 contribuentibus
1535 436 1611 465 ea·
1650 461 1654 464 .

220 512 358 547 tenus
398 497 645 559 injuriatis
686 500 843 544 omnis
880 506 926 544 et
960 516 1051 560 pro
1083 500 1383 562 praeterito,
1433 508 1479 547 et
1519 518 1611 564 pro

219 585 385 628 futuro
410 580 665 627 satisfactio
689 582 1021 644 impendatur.

219 730 436 795 (Quoad
447 730 875 787 praestationem
899 730 1257 783 robottarum,
1284 730 1394 772 ilas
1413 735 1464 774 et
1479 729 1615 772 redi-

285 803 374 839 tas
397 796 843 853 imputationem,
893 797 1093 855 longas
1130 801 1408 849 vecturas,
1457 799 1508 838 et
1537 810 1614 838 co-

285 862 538 905 lonorum
563 860 840 908 mulctas.)

347 981 393 1020 8.
422 971 589 1016 Relate
615 972 675 1016 ad
704 973 979 1033 complures
1011 971 1341 1033 querimonias
1371 972 1420 1016 in
1445 988 1503 1016 eo
1532 986 1615 1032 po-

223 1055 362 1108 sitas,
400 1049 533 1113 quod
559 1049 775 1093 dominia
800 1050 1124 1105 tei-restralia,
1162 1066 1433 1113 eorumque
1459 1050 1616 1096 domi-

220 1134 353 1178 nales
385 1129 614 1175 officiales
643 1129 829 1175 nullam
868 1130 1290 1192 interpretentur,
1361 1138 1408 1174 et
1451 1137 1613 1192 agant,

223 1215 341 1259 dum
367 1211 596 1256 videlicet

357 1293 457 1335 ltus
498 1297 547 1335 et
576 1290 763 1336 reditus
793 1290 845 1336 in
882 1297 1066 1336 sortem
1112 1291 1418 1336 robottarum
1461 1291 1620 1353 impu-

224 1373 363 1418 tandi
403 1372 590 1417 nullam
624 1371 867 1416 rationem
908 1371 1122 1427 habent,
1181 1379 1401 1416 vecturas
1439 1369 1618 1432 bijugis

223 1456 292 1499 ita
345 1459 580 1508 onerant,
645 1459 696 1496 ut
739 1451 913 1496 miseri
969 1451 1335 1498 contribuentes
1387 1450 1621 1513 imposita

221 1552 370 1580 onera
394 1541 437 1582 4.
460 1533 690 1593 jumentis
722 1548 1016 1593 promovere
1048 1532 1299 1587 debentes,
1327 1530 1522 1576 nonnisi
1544 1530 1614 1575 bi-

226 1615 366 1677 jugae
396 1614 619 1658 robottae
644 1612 1024 1673 imputationem
1052 1612 1288 1657 obtinent.

354 1697 581 1741 Robottas
611 1693 880 1736 urbariales
919 1693 1229 1752 potissimum
1260 1676 1322 1735 in,
1341 1693 1507 1751 longas
1546 1705 1646 1752 ve·-

230 1786 386 1822 cturas
421 1775 480 1819 ad
507 1773 728 1835 plurium
753 1772 947 1816 dierum
985 1770 1264 1816 distantiam
1300 1772 1489 1834 magnis
1518 1773 1626 1818 sub-

230 1859 448 1902 ditorum
495 1853 754 1915 impensis,
822 1858 871 1897 et
920 1852 997 1896 rei
1051 1851 1347 1897 domesticae
1394 1854 1620 1916 neglectu

230 1937 493 2000 applicant.

359 2018 453 2061 Has
480 2023 642 2060 tamen
669 2030 764 2058 non
780 2011 1198 2070 hebdomadatim,
1235 2026 1288 2056 ac
1309 2018 1362 2055 ut
1389 2012 1626 2074 prae-scri-

230 2105 371 2161 ptum
400 2103 469 2141 est
494 2095 800 2149 modalitate,
835 2101 888 2137 ut·
925 2094 986 2138 ad
1008 2093 1172 2137 minus
1200 2099 1372 2154 quarta
1395 2110 1505 2155 pars
1528 2111 1621 2155 pro

229 2178 479 2224 mensibus
508 2175 839 2221 hibernalibus
880 2180 1164 2229 remaneat,
1227 2189 1403 2218 verum
1438 2173 1505 2218 ita
1545 2190 1622 2218 cu-

232 2257 458 2300 mulatim
485 2256 815 2309 desummunt,
852 2259 903 2296 ut
925 2252 1069 2296 multi
1094 2252 1240 2297 totius
1272 2253 1385 2298 anni
1414 2256 1621 2300 robotta.

232 2355 345 2382 rum
371 2335 727 2398 obtingentiam
747 2334 845 2395 jam
875 2333 1074 2394 pridem
1113 2334 1309 2395 explere
1341 2335 1618 2380 debuerint.

356 2418 413 2461 In
438 2415 629 2461 robotta
658 2413 930 2460 constitutis
956 2429 1046 2475 pro
1076 2412 1234 2475 quiete
1259 2420 1305 2457 et
1332 2413 1619 2461 animalium

233 2497 544 2560 pabulatione
571 2513 661 2559 per
698 2503 846 2540 totam
882 2494 1014 2539 diem
1051 2493 1134 2538 alii
1170 2509 1348 2551 unam,
1393 2494 1479 2540 alii
1518 2500 1622 2540 tan-

234 2586 335 2623 tum
358 2580 572 2624 mediam
608 2579 783 2623 horam
806 2576 1090 2621 concedunt.

357 2663 599 2706 Laborem
637 2662 778 2707 unius
819 2658 915 2705 diei
947 2659 1013 2704 sic
1057 2658 1439 2720 praestiterunt,
1487 2660 1541 2700 ut
1580 2654 1619 2699 si
