1669 3189
692 197 761 210 mm
822 185 907 234 [219
968 200 1039 212 um

112 291 363 349 geometra
426 276 760 329 fundamentov
806 286 1096 347 praeallatae
1160 286 1505 335 executionalis

116 363 380 419 relationis,
406 363 873 410 dimensurationem
891 367 1144 412 instituere
1170 369 1302 423 sciat,
1330 371 1507 414 eodem

110 446 261 489 modo
297 452 461 488 autem
490 444 639 488 etiam
670 445 799 488 circa
829 453 968 505 prata
996 464 1087 508 per
1123 456 1412 510 exequentes
1439 450 1508 493 in-

107 525 400 587 vestigetur,
436 541 494 568 an
528 525 733 567 cordum
768 540 964 586 semper
986 559 999 582 ,
1036 529 1113 573 vel
1153 546 1508 592 nonnunquam

109 613 193 650 aut
220 619 469 664 nunquam
498 602 704 645 falcetur
721 603 744 647 P

239 686 470 728 Instruct.
503 689 756 744 exequent.
788 699 914 744 mag.
951 700 1052 745 cap.
1073 687 1128 730 V.
1165 693 1201 738 ᾧ.
1228 700 1304 735 51.
1343 688 1501 751 Siqui-

109 763 224 808 dem
245 764 289 809 b.
327 761 610 808 ordinatum
651 763 751 825 jam
803 770 959 820 esset,
1022 772 1072 808 ut
1117 764 1167 808 in
1212 767 1317 827 ipsa
1359 770 1509 816 etiam

108 844 463 906 conscriptione
497 843 703 906 qualitas
746 845 952 906 glebae,
1000 852 1048 889 et
1090 862 1325 893 numerus
1365 851 1506 895 meti-

108 923 347 968 endarum
376 925 724 986 quadratarum
755 924 1006 987 orgiarum
1037 925 1243 987 positive
1272 928 1510 989 exprima-

106 1012 215 1060 tur,
250 1004 363 1048 hinc
404 1005 443 1048 si
497 1005 646 1049 etiam
693 1012 851 1054 terrae
898 1006 1150 1050 occasione
1190 1009 1507 1068 regulationis

106 1092 417 1130 mensuratae
441 1103 540 1130 non
570 1085 784 1142 fuerint,
822 1085 1143 1132 executionali
1185 1089 1418 1133 relationi
1446 1095 1513 1132 ta-

108 1181 226 1210 men
258 1166 468 1227 positive
510 1167 788 1221 inseratur‚
852 1165 1015 1211 hahita
1048 1169 1233 1230 glebae
1266 1163 1507 1229 qualitatis

107 1245 325 1301 ratione,
362 1261 389 1288 a
418 1252 536 1307 quot
568 1244 717 1308 orgiis
753 1245 805 1290 in
849 1261 1015 1290 casum
1060 1248 1509 1293 mensurandarum

106 1331 354 1370 terrarum
382 1324 710 1369 sessionalium
741 1326 980 1369 dimensio
1006 1325 1117 1370 fieri
1147 1328 1336 1372 debeat.

234 1405 342 1464 Ipsa
362 1403 604 1446 dimensio
634 1410 798 1446 autem
815 1403 968 1447 relate
995 1406 1055 1449 ad
1076 1405 1382 1468 defigendam
1399 1424 1511 1453 cum

108 1481 404 1528 certitudine
443 1482 714 1542 apodictica
755 1489 1045 1528 tenutorum
1101 1484 1506 1532 dimensurando-

105 1581 220 1608 rum
260 1563 608 1625 capacitatem,
646 1569 694 1607 et
746 1562 1112 1619 extensionem,
1163 1581 1359 1626 semper
1399 1568 1510 1611 fieri

107 1645 259 1689 debet
287 1642 422 1704 juxta
464 1643 696 1701 probatas
735 1644 851 1688 artis
898 1644 1231 1706 geometricae
1281 1648 1509 1708 regula83

106 1741 168 1770 ne
193 1724 403 1770 desectus
430 1725 628 1771 evenire
652 1723 919 1786 contingat.

236 1817 283 1852 2.
324 1803 580 1849 Dimensio
615 1804 914 1866 geometrica
950 1803 1163 1860 terreni,
1202 1812 1248 1849 et
1278 1807 1507 1851 constitu-

108 1885 321 1930 tivorum
350 1883 678 1928 urharialium
710 1883 925 1928 dominis
960 1885 1266 1929 terrestribus
1307 1901 1509 1947 genera.

107 1965 197 2009 tim
224 1980 313 2026 per
342 1963 388 2008 b.
420 1963 677 2008 urban-ium
728 1971 797 2008 est
833 1963 882 2008 in
925 1964 1056 2009 salvo
1091 1963 1291 2020 relicta,
1348 1982 1506 2027 neque

104 2042 284 2088 iisdem
315 2041 390 2102 jus
418 2043 508 2087 hoc
541 2044 838 2088 controverti
868 2044 1018 2090 valetz
1055 2045 1306 2108 integrum
1342 2053 1506 2091 manet

108 2121 338 2168 dominiis
361 2156 374 2179 ‚
411 2123 756 2185 praestationes
785 2125 1138 2170 conti-actuales
1172 2133 1252 2169 aut
1291 2126 1507 2170 urbaria-

104 2203 171 2247 les
200 2220 410 2248 numero
431 2205 700 2249 sessionum
726 2220 816 2266 per
856 2205 1212 2267 geometricam
1247 2204 1505 2268 glimensio-

107 2298 220 2326 nem
248 2285 582 2330 eruendarum
611 2285 1078 2346 approportionare,
1142 2284 1208 2327 ita
1253 2291 1417 2329 tamen
1453 2293 1506 2330 ut

109 2362 286 2407 eodem
331 2369 422 2409 neo
476 2366 776 2410 efformando
815 2365 1140 2410 instrumento
1193 2364 1504 2423 inserantur,

108 2453 217 2491 utve
245 2445 353 2490 solis
376 2446 681 2491 manualibus
710 2454 755 2491 et
775 2447 1050 2491 currulihus
1074 2446 1253 2507 operis,
1282 2445 1333 2489 in
1357 2463 1505 2508 quan-

107 2533 212 2570 tum
251 2526 479 2586 adjuncta
527 2527 814 2581 admittunt,
866 2526 1023 2570 coloni
1069 2542 1359 2572 concurrere
1407 2527 1504 2578 sint·

109 2605 337 2670 obligati3
374 2607 576 2668 reliquis
600 2607 824 2668 expensis
856 2605 1131 2651 dominium
1161 2607 1416 2653 mansuris.

243 2699 285 2735 5.
324 2690 444 2732 Cum
484 2689 788 2751 geometrica
821 2686 1089 2743 dimensio,
1127 2703 1247 2748 quae
1274 2688 1505 2751 regulati-2

107 2785 252 2813 onem
273 2770 513 2814 territorii
530 2771 577 2814 in
599 2786 739 2815 sensu
759 2769 1106 2815 altissimarum
1137 2767 1505 2813 ordinationum.

1095 2848 1247 2892 Dete
