1669 3189
685 192 754 202 w..
810 167 894 208 5ιὸ
953 188 1022 202 m..-

775 266 900 301 ΛΒΤ.
928 265 998 299 IV.

178 371 263 416 De
288 364 565 427 len-'alebas
589 357 747 420 forts
772 372 1142 417 processuum,
1188 361 1237 398 et
1274 355 1564 400 instantia-

252 450 367 478 rum
409 425 797 477 ιινίιανιαῖίιυη,
848 442 905 468 ιη
940 436 1139 482 specle,
1187 422 1248 464 de
1289 421 1499 465 sedebus

507 491 902 543 donumnalabns,
941 496 991 533 et
1018 488 1228 533 sedri'hs

307 603 509 665 Legales
535 601 809 657 instantiae,
839 607 922 644 aut
953 600 1058 644 sora
1083 597 1350 644 urbarialia
1377 601 1486 641 sunt
1521 606 1565 642 1.

182 685 325 732 Sedes
353 683 626 732 domitialis,
666 695 710 730 2.
736 683 902 728 Sedria
931 681 1265 726 concernentis
1297 677 1569 724 comitatus,

181 764 573 827 Superi-evisoria
603 772 766 809 autem
792 764 1052 808 dicasteria
1083 769 1207 808 sunt.
1253 773 1293 809 3.
1313 759 1568 831 E'xcelsum

180 846 446 893 Consilium
469 843 662 906 regium
687 842 1132 888 locumtenentiale.
1176 849 1218 890 4.
1235 841 1432 887 Excelsa
1450 840 1570 884 Can-

182 926 377 969 cellaria
403 924 540 985 regia
562 922 830 982 hungarico
870 921 1054 979 aulica3
1114 922 1276 968 medio
1309 920 1442 966 cuius
1475 933 1573 963 una

182 1003 541 1067 dispositiones,
575 1009 621 1045 et
653 1000 978 1045 resolutiones
1003 1018 1113 1046 suae
1127 1000 1396 1060 Nlajestatis
1419 1013 1572 1044 sacra-

182 1084 400 1130 tissimae
435 1080 790 1144 expediuntur,
844 1086 890 1123 et
925 1080 1231 1125 intimantur.
1297 1082 1366 1125 Ex
1396 1080 1472 1124 his
1508 1078 1575 1123 vi-

182 1165 299 1208 dere
322 1170 416 1218 est,
461 1168 669 1215 sortem,
704 1166 752 1204 et
775 1158 994 1205 fortunas
1032 1160 1344 1214 colonorum,
1396 1164 1574 1202 etcum

184 1244 258 1287 his
309 1241 525 1301 junctam
575 1239 842 1284 fundorum
890 1238 1214 1284 urharialium
1260 1237 1576 1284 stabilitatem

187 1320 272 1365 tali
316 1321 513 1366 cardine
547 1318 733 1374 locari,
790 1334 884 1380 quo
930 1317 982 1362 in
1018 1317 1143 1363 thesi
1185 1317 1449 1370 meliorem
1483 1332 1576 1362 nec

186 1401 310 1444 ratio
364 1399 645 1461 aequitatis,
726 1415 814 1443 nec
873 1399 1078 1443 calculus
1137 1398 1575 1451 administrationis

183 1481 408 1542 publicae
434 1479 573 1524 ullibi
610 1486 858 1522 terrarum
897 1486 1065 1539 optare
1092 1485 1264 1539 potest.
1342 1477 1576 1522 Dominia

188 1559 514 1614 terrestralia,
549 1559 601 1602 id
626 1566 693 1602 est
721 1558 909 1602 domini
944 1565 1229 1615 terrestres,
1268 1557 1439 1620 quibus
1468 1558 1578 1620 jura

187 1647 232 1684 et
259 1640 384 1682 bona
407 1636 781 1700 possessionaria
812 1638 1012 1693 adsunt,
1071 1637 1365 1682 constituunt
1393 1639 1577 1684 intuitu

187 1720 409 1765 onmium
446 1718 788 1779 querelarum,
855 1724 937 1762 aut
972 1718 1220 1761 actionum
1256 1716 1581 1761 urharialium

188 1801 404 1862 primam
439 1798 530 1842 sori
572 1796 867 1840 instantiam.
952 1797 1438 1858 Repraesentantium
1474 1797 1582 1848 iura

188 1887 296 1926 sunt
323 1879 511 1923 eadem.
594 1878 874 1922 Jurisdictio
915 1877 1251 1923 dominiorum
1289 1879 1581 1924 terre—strali-

188 1979 273 2005 um
317 1960 373 2004 ab
407 1957 752 2019 antiquissimis
790 1958 892 2020 jam
934 1958 1234 2019 temporibus
1278 1973 1412 2003 suam
1447 1943 1582 2002 ducit

189 2040 463 2102 originem3
501 2044 548 2082 et
576 2038 627 2080 in
653 2054 793 2093 casu,
842 2055 934 2099 quo
964 2037 1184 2082 dominus
1225 2038 1467 2083 terrestris
1491 2053 1580 2082 suo

188 2119 378 2163 subdito
411 2117 485 2161 vel
526 2115 837 2178 querulanti,
897 2118 972 2162 vel
1005 2118 1198 2180 gravius
1241 2119 1372 2162 laeso
1403 2117 1581 2163 satisfa-

192 2199 437 2254 ctionem,
487 2205 535 2241 et
571 2196 810 2259 justitiam
845 2198 980 2243 brevi
1003 2195 1156 2244 >manu
1182 2216 1281 2244 non
1320 2197 1581 2261 impendit,

191 2278 383 2339 publica
410 2275 657 2339 dispositio
695 2277 874 2342 exigit,
929 2286 983 2323 ut
1012 2279 1233 2340 querelae
1253 2285 1352 2324 ta'm
1378 2279 1585 2340 particu-

191 2357 369 2402 larium
403 2357 804 2414 individuorum,
871 2374 1016 2420 quam
1053 2365 1102 2402 et
1137 2358 1496 2404 comunitatum
1531 2358 1586 2403 in

196 2445 452 2494 concreto,
512 2454 676 2482 coram
718 2436 1005 2482 celebranda
1036 2438 1148 2482 sede
1193 2439 1460 2496 dominali‚
1506 2440 1584 2485 cui

196 2533 389 2578 praeses
421 2536 570 2575 unus,
607 2526 653 2563 et
684 2517 837 2563 ceteri
862 2534 1123 2564 assessores
1153 2535 1263 2563 cum
1291 2520 1436 2583 legali
1457 2519 1588 2566 testi-

197 2597 365 2641 monio
392 2598 653 2654 intersunt,
677 2616 761 2644 sua
781 2598 945 2642 forma
971 2607 1018 2643 et
1035 2601 1181 2644 modo
1209 2609 1582 2656 assummantur,

200 2683 246 2721 et
274 2676 572 2721 decidantur.
625 2680 978 2724 Necessitatem
1007 2680 1174 2742 legalis
1201 2680 1482 2736 testimonii,
1514 2679 1585 2740 ju-

199 2755 317 2801 dicis
343 2755 576 2803 nobilium
608 2766 657 2803 ut
685 2766 827 2820 pote,
866 2767 912 2805 et
940 2758 1187 2820 jun-asseris
1225 2761 1481 2824 respectivi
1510 2776 1584 2806 co·

1653 639 1669 994 ·-*x—¹2.-n·-'.a..i.hn...a..„.
