1669 3189
718 211 1059 259 *2474*-

201 323 436 379 promptu
475 317 631 361 facere
674 311 868 374 possint.
945 312 1148 357 Praeter
1187 320 1350 359 autem
1392 313 1599 377 praede-

205 400 345 442 ducta
383 398 433 441 in
468 390 876 439 testimonialibus
920 391 972 436 in
1012 391 1128 437 locis
1159 391 1287 448 illis,
1345 393 1395 438 in
1423 393 1599 456 quibus

199 474 536 541 promontoria
573 488 671 517 non
698 470 905 527 dantur,
971 487 1016 518 1.
1047 471 1166 517 haec
1196 470 1411 516 carentia
1434 472 1601 534 positi-

201 574 292 610 ve,
328 573 379 599 ac
408 554 535 598 clare
567 552 892 613 exprimatur,
929 558 982 595 ut
1013 551 1193 595 sciatur
1225 550 1472 596 causalitas
1500 568 1601 597 non

201 633 466 694 conscripti
513 631 634 692 juris
664 631 919 687 montani,
970 631 1272 695 expositique
1309 631 1363 678 in
1397 632 1598 678 urbm-io

199 713 428 769 termini,
477 714 536 758 ad
579 730 726 776 quem
762 713 1046 758 educillatio
1073 711 1369 760 admittitur⁶
1450 724 1494 761 2.
1532 711 1599 757 Si-

199 795 402 857 quidem
429 793 586 857 capite
615 806 661 842 2.
688 795 746 839 de
775 795 1141 856 conscriptione
1172 795 1232 839 ad
1261 794 1360 854 §6.
1383 792 1598 855 henigne

194 875 479 920 ordinatum
524 875 626 936 jam
661 882 810 929 esset,
869 881 924 917 ut
961 874 1011 917 in
1058 873 1164 935 ipsa
1204 875 1352 919 etiam
1389 872 1599 918 conscri-

196 956 367 1017 ptione
392 955 596 1017 qualitas
625 954 822 1016 glebae,
886 961 933 997 et
973 969 1206 998 numerus
1231 953 1595 998 metiendarum

201 1037 554 1096 quadratarum
589 1033 843 1096 orgiarum
876 1033 1085 1093 positive
1115 1034 1439 1093 exprimatur,
1484 1033 1600 1078 hinc

199 1114 241 1159 si
268 1116 415 1159 etiam
440 1122 604 1159 terrae
644 1114 892 1158 occasione
931 1112 1248 1175 regulationis
1291 1119 1600 1157 mensuratae

195 1211 294 1239 non
327 1195 510 1239 fuerint
528 1227 541 1249 ‚
590 1192 915 1238 executionali
949 1192 1178 1238 relationi
1202 1199 1367 1237 tamen
1391 1190 1601 1253 positive

202 1274 478 1330 inseratur,
514 1273 680 1318 hahita
701 1273 870 1337 glebae
893 1273 1138 1336 qualitatis
1168 1271 1360 1316 ratione
1378 1302 1392 1327 ,
1430 1286 1457 1314 a
1481 1278 1600 1333 quot

195 1354 348 1415 orgiis
388 1354 440 1398 in
476 1370 640 1399 casum
666 1355 1112 1399 mensurandarum
1145 1351 1483 1398 sessionalium
1508 1357 1605 1394 ter·

194 1449 366 1477 rarum
396 1433 639 1478 dimensio
667 1433 778 1478 fieri
811 1434 1004 1478 debeat.
1087 1433 1147 1476 Et
1175 1432 1386 1493 denique
1411 1430 1464 1474 in
1493 1446 1601 1474 con-

195 1513 486 1558 cinnatione
510 1514 717 1558 istarum
752 1513 1138 1559 testimonalium
1182 1510 1461 1573 exprimant
1498 1526 1602 1554 om-

196 1594 279 1636 nia
300 1593 384 1638 illa
409 1592 592 1648 debito,
620 1609 672 1638 ac
698 1594 969 1638 connexivo
995 1595 1191 1652 ordine,
1214 1608 1436 1657 quaeque
1456 1592 1507 1636 in
1524 1608 1603 1635 ur-

196 1672 375 1727 beu-iis,
426 1673 615 1717 tabellis
645 1674 1004 1731 urbarialihus,
1056 1693 1110 1720 ac
1151 1672 1597 1734 conscriptionibus

194 1753 316 1814 juris
360 1753 631 1809 montani,·‘
673 1760 721 1797 et
767 1770 926 1798 nonae
961 1754 1193 1798 vinorum
1217 1749 1472 1815 ⁴expressa
1499 1767 1600 1795 non

198 1832 473 1889 habentur,
509 1841 719 1895 suntque
743 1840 910 1877 tamen
938 1850 1030 1894 pro
1059 1831 1223 1877 futura
1244 1839 1347 1876 tam
1375 1830 1600 1876 domino-

192 1928 306 1955 rum
334 1911 659 1969 terrestrium,
688 1913 1055 1976 eorundemque
1070 1911 1378 1968 officialium,
1405 1927 1458 1955 ac
1484 1910 1594 1956 sub-

192 1990 414 2038 ditorum
449 1994 650 2051 notitia,
695 1994 993 2052 directione,
1053 2002 1103 2039 et
1136 1994 1473 2040 observatione
1509 2009 1592 2038 ne-

195 2074 430 2128 cessaria,
469 2082 699 2120 notanter
719 2092 835 2136 ¹vero
865 2076 978 2132 illa,
1016 2092 1139 2139 quae
1168 2076 1219 2120 in
1251 2074 1590 2138 superioribus

189 2168 285 2214 pro
312 2156 587 2202 eorundem
623 2155 894 2202 inviatione
921 2163 1274 2203 concernenter
1299 2156 1592 2202 declaranda

188 2233 529 2280 comittuntur.

322 2318 608 2363 Tenores
675 2317 1248 2364 executionalium
1311 2316 1597 2363 testimo-

190 2395 474 2441 nialium
522 2414 614 2460 pro
665 2401 891 2461 exemplo
932 2399 1244 2445 adducuntur
1283 2395 1594 2462 possessionis

192 2472 328 2535 Nssgy
358 2477 512 2522 Bilicz
548 2478 600 2523 in
640 2478 872 2524 comitatu
910 2479 1146 2525 Nitriensi
1187 2478 1417 2542 (practici
1457 2477 1593 2523 enim

193 2568 327 2599 casus
354 2559 537 2618 optime
566 2559 838 2605 dilucidant
865 2559 1275 2612 instructionem).

321 2636 615 2701 lust-ascripti
653 2641 829 2685 harum
863 2657 956 2702 per
1003 2640 1230 2703 vigorem
1286 2639 1593 2703 recognosci,

191 2731 329 2772 rnus3
367 2720 495 2777 quod
528 2729 849 2784 posteaquam
891 2721 944 2766 in
986 2724 1206 2786 generali
1241 2721 1395 2768 incliti
1443 2719 1592 2763 comi-

189 2801 316 2843 tatus
348 2795 491 2859 hujus
516 2799 769 2852 Nitriensis
795 2803 874 2851 die
902 2815 978 2857 51,
1011 2804 1191 2854 mensis
1234 2802 1424 2866 januar,
1456 2809 1505 2848 et
1536 2802 1591 2847 in
