1669 3189
547 161 892 212 m431m..

163 290 206 335 7.
242 270 289 317 Si
325 267 566 316 defectum
588 272 846 318 observant
873 269 1236 333 investigantes,
1273 274 1421 319 corri.

31 361 145 419 gant
167 386 181 410 ,
215 359 265 398 et
294 352 637 398 sufficientiam
670 359 925 396 taurorum
966 367 992 396 a
1019 367 1229 398 numero
1256 368 1422 399 vacca-

29 450 173 491 rum,
212 441 261 479 et
288 432 608 493 juvencarum
640 432 694 477 in
728 439 953 495 quartum
997 448 1180 478 annum
1219 450 1421 497 vergen-

27 517 151 562 tium
183 515 469 561 metiantur.

156 595 368 645 8.Tauri
397 601 443 638 et
471 591 703 652 juvencae
728 599 836 637 ante
868 597 898 641 4
928 609 1112 640 annum
1147 596 1210 640 ad
1239 595 1421 643 coitum

26 691 124 720 non
159 674 492 720 admittantur.

156 754 202 797 T
205 751 359 797 rifolii
396 750 655 797 seminatio
683 750 997 814 adurgeatur.
1041 754 1118 797 De
1149 754 1222 800 his
1258 763 1422 803 autem

30 831 279 878 occasione
305 848 490 878 annuae
513 832 772 878 urbarialis
787 832 1177 896 investigationis
1205 844 1422 897 separata

26 914 198 966 relatio
226 914 543 971 exhibeatur,
580 920 629 958 et
656 913 988 960 submittatur-

151 996 283 1039 Anno
335 1004 473 1043 1782.
515 1006 557 1042 3.
599 992 703 1054 juni
762 992 1064 1040 circulariter
1113 993 1423 1056 publicatum

35 1080 137 1130 est,
173 1081 227 1118 ut
256 1074 506 1119 occasione
538 1090 817 1120 annuarum
850 1073 1180 1120 urbarialium
1225 1075 1424 1120 investi-

27 1153 278 1217 gationum
304 1153 597 1216 indagetur,
646 1172 707 1199 an
747 1170 933 1200 merces
956 1154 1426 1217 praejuncturarum

27 1235 235 1279 militiae
283 1234 631 1296 praestitarutu
682 1234 852 1278 ineolis
907 1235 959 1279 in
1001 1237 1424 1282 contributione—m

25 1315 290 1377 imputata,
328 1320 409 1358 aut
432 1330 524 1375 per
549 1330 628 1358 eos
669 1314 843 1374 quibus
875 1314 1031 1359 soluta
1064 1322 1164 1372 est,
1207 1315 1262 1361 in
1290 1315 1422 1360 hunc

23 1396 174 1439 finem
202 1409 433 1438 conversa
460 1394 592 1437 haud
613 1391 781 1436 fuerit.

150 1474 343 1517 Annuas
368 1469 797 1532 investigationes,
833 1477 880 1515 et
913 1468 1183 1517 urbariales
1228 1491 1425 1537 compu·

26 1561 99 1599 tus
133 1550 519 1614 magistratuales
549 1566 607 1594 ex
634 1549 796 1595 officio
815 1582 829 1606 ,
857 1550 1074 1613 adeoque
1113 1551 1234 1599 citra
1271 1557 1426 1600 ullam

29 1633 358 1689 solutionem,
423 1639 503 1676 aut
543 1631 973 1693 praetensionem3
1029 1632 1107 1677 vel
1143 1633 1425 1680 exactiones

29 1713 286 1760 instituere
324 1713 620 1775 obligantur.

153 1795 245 1838 Pro
281 1808 339 1837 eo
369 1800 421 1837 ut
446 1800 617 1837 cuncta
650 1788 805 1855 magis
841 1792 1061 1854 dignosci
1095 1794 1319 1856 possint,
1370 1813 1426 1841 ea

27 1890 147 1937 quae
178 1872 570 1936 magistratuales
598 1888 691 1933 pro
726 1872 1098 1935 investigatione
1131 1875 1325 1921 exmissi
1352 1893 1425 1927 re,

27 1956 214 2012 ferunt,
251 1954 392 1999 toties
415 1951 604 2014 quoties
635 1952 747 1997 actis
784 1960 832 1996 et
862 1953 1186 2011 documentis,
1222 1973 1323 2001 non
1346 1973 1426 2001 au-

32 2044 133 2082 tem
162 2033 357 2081 assertis
386 2032 670 2081 fulciantur.
747 2033 999 2079 Passiones
1039 2051 1138 2080 non
1177 2036 1426 2098 generice,

31 2118 116 2162 sed
140 2117 364 2180 specifice
403 2116 693 2161 colonorum
737 2114 1068 2173 deducantur,
1116 2117 1281 2179 sicque
1318 2119 1424 2162 suh-

33 2197 318 2253 mittantur3
364 2212 425 2241 ne
476 2194 861 2257 magistratuales
899 2194 952 2239 in
988 2195 1156 2250 unius,
1191 2204 1275 2241 aut
1311 2197 1427 2241 alte-

31 2277 134 2321 rius
171 2277 382 2323 fassicne
407 2275 785 2337 conquiescant,
819 2290 991 2318 verum
1014 2275 1285 2321 realitatem
1313 2294 1424 2338 que-

32 2357 365 2401 rimoniarum
394 2363 554 2401 exacte
575 2356 627 2399 in
662 2354 818 2398 forma
843 2356 1081 2416 probante
1114 2356 1423 2420 investigent,

35 2453 87 2481 ac
112 2438 181 2481 ita
209 2443 459 2498 comperta
487 2435 698 2480 fideliter
724 2432 954 2480 reserant

163 2521 299 2562 Anno
342 2520 479 2564 1780.
524 2527 603 2566 12.
647 2513 820 2574 januar
858 2531 964 2560 nro,
1004 2523 1141 2574 1829.
1185 2518 1423 2565 universis

38 2599 342 2644 eomitatibus
378 2597 663 2641 intimatum
696 2602 782 2652 est,
815 2602 869 2639 ut
892 2596 1117 2659 deinceps
1153 2598 1205 2644 in
1232 2601 1427 2662 quibus-

38 2680 131 2737 vis,
164 2679 431 2742 praecipue
474 2685 637 2722 autem
668 2676 1001 2738 querimonias
1021 2710 1035 2734 ,
1078 2685 1126 2723 et
1155 2682 1424 2742 oppressio.

42 2778 124 2807 nes
161 2763 447 2806 colonorum
491 2756 896 2803 concernentibus
938 2758 1146 2821 negotiis
1192 2764 1428 2822 praescri-
