1669 3189
615 169 698 202 ⁷·w·
755 170 835 211 521
898 191 968 203 ww-

99 269 312 314 sensione
357 272 497 333 regni
529 273 823 335 requisitum
862 290 980 319 onus
1022 273 1164 317 unice
1202 281 1485 334 supportan-

100 351 225 394 tium
254 352 681 409 contribuentium,
716 370 805 415 per
828 371 994 398 omnes
1022 354 1409 417 magistratuales
1437 361 1486 398 et

97 444 357 474 assessores
383 447 439 475 ea
467 448 579 475 cum
598 432 973 494 aequanimitate
1005 433 1141 477 cordi
1155 440 1480 488 summantur,

99 516 155 553 ut
184 512 242 553 al)
269 511 441 555 iisdem
465 511 619 556 omnis
640 512 844 573 illegalis
875 515 1175 574 suppressio,
1211 520 1257 559 et
1283 514 1485 560 excessi-

97 606 214 633 vum
252 607 372 634 onus
415 592 683 637 secundum
716 591 820 653 jus,
888 599 936 636 et
974 610 1184 656 aequum
1221 602 1483 642 avertatur.

99 668 305 714 Ibidem.

82 742 84 745 ’
237 761 279 798 5.
320 750 582 795 Circularis
609 753 824 816 benigna
860 753 1096 800 resolutio
1136 757 1275 818 regia
1310 758 1369 802 de
1404 768 1484 807 28.

102 830 269 890 aprilis
307 835 443 878 1766.
476 832 767 891 intervenit,
829 843 882 879 ut
919 835 1107 881 domini
1145 844 1396 882 terrestres
1433 838 1490 882 in

103 909 298 955 sedibus
323 911 658 959 dominalibus'
684 916 1048 977 qum-ulantibus
1071 916 1308 976 justitiam
1341 919 1491 963 admi-

102 989 340 1046 nistrent,
389 999 437 1035 et
465 994 720 1039 servitores
749 1012 855 1041 suos
884 995 943 1039 ab
971 995 1194 1040 omnibus
1219 997 1490 1043 excessibus

98 1069 411 1129 prohibeant,
449 1070 488 1114 si
521 1080 567 1116 et
590 1073 643 1117 in
669 1083 904 1137 quantum
931 1094 1022 1139 per
1045 1078 1134 1123 hos
1154 1077 1337 1123 subditi
1359 1078 1490 1122 dam-

98 1150 283 1195 nificati
313 1151 461 1197 fuisse
508 1156 936 1217 comperirentur,
991 1160 1283 1222 condignam
1314 1156 1492 1201 satisfa-

101 1228 318 1274 ctionem
366 1234 622 1280 autoritate
669 1238 909 1282 dominali
940 1240 1213 1285 terrestrali
1261 1238 1487 1285 damnifi-

102 1308 217 1354 catis
245 1328 512 1371 procurare
542 1333 637 1362 non
665 1318 1012 1364 intermittant.

99 1453 214 1498 NB.
231 1456 314 1499 De
337 1455 592 1499 celeriori
609 1456 978 1500 urbarializzm
1002 1457 1346 1515 querelarum
1374 1472 1491 1516 per-

612 1523 964 1567 tractatione.

230 1627 565 1674 Urbarialiurn
594 1627 910 1688 querelarum
925 1628 1369 1689 pertractationem
1392 1644 1493 1672 non

103 1705 319 1751 obstante
337 1708 658 1768 qualicunque
677 1707 967 1768 possessorii
988 1708 1273 1764 mutatione,
1307 1725 1366 1752 ex
1389 1707 1496 1753 stri-

104 1794 178 1831 cto
219 1785 636 1847 jurisdictionibus
671 1786 878 1848 puhlicis
917 1787 1231 1832 incumbente
1280 1802 1493 1833 munere

105 1868 473 1913 accelerandam
501 1883 615 1914 esse.

231 1948 284 1992 B.
316 1946 550 1991 resolutio
579 1947 713 2009 regia
734 1946 787 1992 in
815 1962 954 1991 causa
976 1948 1213 1992 urhariali
1243 1946 1497 2010 possessio-

105 2029 180 2075 nis
203 2029 338 2072 Nana
362 2027 611 2071 comitatui
630 2029 892 2089 Veszprem
917 2027 1239 2091 ingremiatae
1260 2033 1495 2074 emanata.

105 2111 219 2154 Nro.
248 2109 340 2153 aul.
367 2119 506 2156 5557.
544 2114 680 2156 1814.

108 2259 156 2304 6.
178 2257 434 2317 Benz‘gna
454 2257 722 2301 resolutio
751 2258 927 2316 reg-ia,
953 2272 1047 2314 ope
1081 2256 1242 2318 cujus
1276 2267 1497 2300 comma-

142 2324 346 2368 nz'tates
394 2324 461 2366 ab
517 2323 867 2366 exmittendis
913 2323 1178 2367 Viennam
1217 2321 1494 2380 deputatis

675 2393 952 2432 arcentur.

206 2510 276 2554 Eo
291 2510 422 2571 apud
442 2512 717 2572 complures
736 2511 835 2574 jam
853 2511 1223 2557 communitates
1240 2509 1494 2556 usuvenire

109 2590 390 2646 observato,
426 2598 479 2634 ut
517 2592 557 2635 si
585 2593 817 2653 quasdam
857 2592 1123 2638 urhariales
1162 2589 1492 2653 querimonias

112 2681 263 2718 semet
279 2674 460 2718 habere
477 2673 779 2730 existiment,
826 2676 1021 2720 easdem
1045 2673 1372 2720 communiter
1397 2688 1495 2715 me.

115 2751 194 2798 dio
229 2754 571 2816 deputatorum
609 2757 838 2802 altissimo
870 2758 977 2802 loco
1002 2758 1341 2814 exmissorum,
1386 2771 1495 2802 suae
