1669 3189
721 199 792 212 ..u-
848 183 931 225 410
991 199 1060 212 nn·-

783 273 904 310 ΛΚΤ.
931 274 1010 311 ΙΙΙ.

339 363 420 405 De
442 348 748 416 beneficiis,
786 359 838 396 et
859 344 1157 414 maleficiis
1185 354 1440 404 locorum.

329 463 570 509 Beneficia
609 461 832 505 locorum
872 461 921 504 in
956 460 1274 507 instructione
1317 480 1448 526 exeq.
1489 481 1589 512 ma-

197 542 550 608 gistratualium
576 542 662 586 sub
677 543 725 587 G.
742 548 789 584 et
809 558 914 586 nro.
931 552 976 589 5.
996 557 1103 603 cap.
1121 543 1154 587 Ι.
1177 552 1437 604 provocata
1463 546 1585 590 sunt.

334 635 371 668 1.
411 623 686 666 Terrarum
711 621 972 667 arabilium
998 622 1250 680 fertilitas,
1305 631 1355 669 et
1394 624 1582 670 duobus

194 703 420 765 jumentis
442 702 782 748 excolibilium.

326 793 376 831 2,
410 783 668 828 Pratorum
712 781 957 839 fertilitas,
1015 789 1063 827 et
1100 782 1231 828 soeni
1269 783 1584 844 praestantia,

192 861 265 906 bis
291 861 590 908 salcabilitas.

324 953 371 989 3.
407 942 638 987 Vicinitas
668 941 1026 1004 emporiorum.

323 1027 368 1068 4.
403 1021 566 1067 Pascui
611 1023 934 1084 praestantia,
1003 1028 1051 1065 et
1094 1021 1386 1067 abundantia
1436 1023 1584 1068 etiam

191 1115 281 1161 pro
308 1119 546 1164 pecorum
575 1100 945 1147 succrescentia.

323 1194 365 1230 5.
400 1182 666 1242 Adaquatio
697 1198 938 1242 pecorum
979 1182 1264 1235 commoda,
1326 1187 1376 1225 et
1410 1180 1584 1225 vicina.

321 1264 365 1306 6.
399 1261 626 1322 Lignatio
655 1260 854 1317 aedilis,
892 1267 942 1304 et
968 1259 1163 1316 focalis,
1201 1268 1343 1322 atque
1362 1258 1537 1305 vicina.

320 1350 360 1385 7.
395 1341 578 1385 Vineae
603 1340 790 1385 bonum
827 1341 999 1385 vinum
1031 1340 1374 1401 proferentes,
1428 1358 1486 1386 ex
1511 1357 1591 1385 oc-

193 1419 381 1485 casione
420 1436 591 1465 earum
613 1420 880 1482 pecuniam
908 1437 999 1482 pro
1033 1421 1222 1465 cultura
1248 1422 1479 1466 merendi
1502 1422 1584 1466 be-

190 1500 436 1545 neficium.
486 1530 490 1531 ν

326 1588 368 1626 8.
406 1579 718 1626 Glandinatio
745 1581 1041 1642 praesertim
1078 1580 1291 1643 pinguis,
1328 1587 1376 1625 et
1404 1581 1581 1637 vicina,

195 1658 472 1704 eminenter
503 1677 648 1716 ver0,
704 1661 743 1705 si
784 1676 841 1706 ea
870 1676 927 1705 ex
962 1660 1104 1722 sylvis
1130 1661 1434 1706 subditorum
1473 1678 1586 1722 pro-

195 1738 368 1784 veniat.

323 1830 367 1874 9.
403 1821 511 1864 Non
533 1837 644 1865 usus
670 1820 917 1877 decimae,
961 1828 1009 1865 et
1030 1837 1118 1865 nec
1149 1827 1459 1882 praestetur,
1496 1819 1582 1866 ubi

195 1896 248 1942 in
283 1915 372 1941 usu
393 1911 490 1943 non
522 1899 624 1945 fuit.

330 1989 400 2025 10.
435 1979 685 2035 Pomaria,
720 1980 964 2041 lupuleta,
1002 1981 1200 2037 cauleta,
1237 1980 1370 2026 horti
1395 1980 1579 2027 virida-

194 2056 388 2103 riorum
412 2058 486 2115 in,
523 2067 569 2104 et
593 2060 910 2106 extravillani.

332 2151 407 2188 11.
440 2139 826 2197 Arundinetum,
878 2141 1167 2203 praesertim
1213 2142 1265 2186 in
1295 2142 1490 2188 defectu
1521 2144 1578 2189 li-

194 2217 457 2279 gnationis.

323 2311 393 2347 12.
426 2292 728 2344 Beneficium
756 2308 984 2347 vecturae
1014 2301 1148 2359 salis,
1183 2301 1468 2364 lignorum,
1529 2310 1577 2350 et

197 2379 351 2440 cuprL

324 2473 394 2508 15.
430 2461 619 2507 Vicinia
643 2461 937 2506 fabricarum
963 2462 1175 2510 utilium.

325 2545 394 2586 14.
434 2539 626 2587 Vicinia
667 2542 1016 2605 navigabilium
1065 2544 1355 2600 fluviorum,
1429 2550 1477 2589 et
1515 2560 1574 2590 ex

191 2618 304 2662 hinc
334 2636 624 2679 promanans
649 2624 988 2685 quaesturandi
1014 2658 1027 2680 ,
1079 2642 1280 2686 operam
1317 2625 1438 2671 item
1469 2641 1572 2670 ma-

191 2702 391 2746 nualem
426 2709 470 2746 et
493 2701 710 2768 jugalem
743 2705 802 2749 ad
826 2704 1215 2767 navigationem,
1278 2713 1359 2752 aut
1398 2705 1574 2768 ratige·

191 2780 430 2828 rationem
458 2786 732 2844 praestandi
758 2785 956 2831 occasio.
