1669 3189
767 193 836 206 u·-
893 173 977 214 518
1034 194 1103 205 am·

235 300 350 332 nem
377 300 518 329 more
545 284 605 327 ad
642 279 812 325 sedem
839 278 1172 334 dominalem‚
1225 287 1306 324 aut
1346 279 1619 342 respective

232 368 655 434 praetitulatarum
694 359 1088 407 dominationum
1126 367 1398 407 vestrarum
1447 362 1618 407 sedem

234 446 543 511 judiciariam
580 442 656 488 via
690 442 960 504 appellatae
1003 441 1332 487 transmittere
1377 458 1404 486 a
1445 456 1483 490 1.
1510 459 1622 504 may

236 548 277 575 a.
305 546 340 571 c.
375 526 599 586 exinceps
625 539 814 586 quoque
840 523 1090 586 integrum
1122 521 1181 567 sit
1211 521 1445 568 futurum.
1635 558 1643 583 ἱ

360 608 466 651 Jam
499 605 802 663 videndum,
852 604 968 667 quid
1001 604 1128 648 circa
1168 604 1305 649 sedes
1342 600 1645 647 dominales*

236 695 283 733 et
321 688 501 733 sedrias
533 686 772 749 benignae
809 685 1139 731 ordinationes
1178 684 1345 748 regiae
1386 680 1622 744 praescri-

230 770 367 819 bant.

367 859 405 894 1.
441 848 488 893 Si
519 845 785 891 comissarii
824 845 950 907 regii
975 845 1316 899 adverterent,
1363 843 1623 889 nonnullos

236 928 554 973 dominorum
587 924 900 970 terrestrium
930 925 982 967 in
1017 923 1346 968 celebratione
1385 926 1629 970 ordinata-

234 1028 347 1055 rum
391 1010 578 1055 sedium
622 1004 945 1051 dominalium
992 1020 1212 1048 morosos
1253 1002 1381 1060 sore,
1444 1020 1536 1067 pro
1569 1019 1627 1048 eo

237 1091 412 1135 talibus
452 1088 519 1136 145
554 1087 748 1131 dierum
782 1085 1056 1130 terminum
1094 1099 1184 1144 pro
1215 1083 1436 1127 effectiva
1471 1084 1628 1128 dictae

236 1170 358 1217 sedis
385 1168 712 1214 celebratione
751 1182 807 1210 ex
835 1164 998 1210 officio
1026 1163 1327 1226 praefigent,
1388 1169 1434 1206 et
1464 1160 1503 1206 si
1538 1178 1628 1206 nec
1662 1145 1669 1154 ⁴

236 1251 363 1295 intra
386 1250 477 1292 hoc
499 1257 691 1310 tempus
720 1245 1024 1292 celebrandis
1057 1243 1298 1305 ejusmodi
1326 1240 1521 1288 'sedibus
1549 1242 1632 1286 do-

236 1327 496 1374 minalibus
518 1345 688 1372 manus
712 1327 1084 1380 admoveretur,
1145 1330 1309 1368 attunc
1341 1322 1632 1368 celebratio-

236 1424 350 1454 nem
399 1407 641 1470 ejusmodi
691 1406 818 1451 sedis
865 1404 1123 1450 dominalis
1174 1403 1268 1466 ipsi
1320 1401 1628 1448 ordinabunt.

238 1490 376 1533 lnstr·
403 1487 591 1532 comiss.
613 1487 866 1549 regiorum
900 1491 936 1536 ᾧ.
963 1497 1038 1532 25.

366 1579 409 1615 2.
447 1570 570 1612 Cum
601 1567 661 1610 ad
690 1567 825 1610 sedes
852 1565 1122 1608 dominales
1150 1569 1347 1624 praeter
1378 1575 1529 1604 unum
1555 1558 1628 1621 ju-

239 1647 398 1691 dicem
431 1644 690 1700 nobilium,
727 1645 986 1706 eidemque
1014 1641 1392 1705 adjungendum
1419 1641 1626 1702 jurasse-

238 1744 342 1772 rem
361 1759 373 1782 ‚
426 1726 507 1788 qui
536 1734 587 1770 ut
611 1725 762 1787 legale
792 1724 1130 1768 testimonium
1179 1735 1372 1783 semper
1405 1719 1632 1764 adhiberi

241 1807 448 1863 delient,
496 1814 655 1850 rectus
696 1805 816 1849 ordo
847 1803 962 1848 alios
999 1800 1391 1864 magistratuales
1421 1816 1519 1846 non
1551 1800 1632 1845 ad-

239 1888 399 1931 mittat
420 1921 432 1943 ,
470 1904 523 1931 ex
555 1902 611 1929 eo
628 1918 641 1940 ‚
692 1884 823 1947 quod
848 1890 951 1927 acta
977 1882 1169 1927 sedium
1195 1880 1516 1926 dominalium
1539 1897 1630 1943 pro

237 1966 626 2029 superrevisione
658 1963 717 2009 ad
743 1963 1026 2007 comitatum
1059 1979 1149 2024 per
1180 1961 1520 2007 testimonium
1564 1962 1630 2007 le-

239 2048 346 2109 gale
376 2045 551 2089 referri
587 2043 953 2099 consueverint,
989 2042 1208 2104 adeoque
1244 2042 1500 2087 incumbat
1521 2041 1632 2087 reli-

240 2127 345 2189 quis
370 2123 817 2187 magistratualihus
851 2124 910 2168 ab
941 2123 1166 2167 omniurn
1196 2123 1387 2169 sedium
1414 2120 1632 2167 domina-

238 2207 360 2251 lium
413 2205 752 2251 interessentia
798 2204 1069 2260 abstinere,
1144 2210 1197 2247 ut
1248 2202 1631 2264 superrevisioni

241 2286 484 2347 ejusmodi>
518 2286 831 2349 negotiorum
865 2285 1055 2342 adesse,
1104 2301 1287 2346 suoque
1323 2299 1529 2329 munere
1552 2283 1631 2328 de-

242 2365 411 2429 fungi,
458 2382 511 2411 ac
551 2366 602 2409 in
629 2366 942 2429 protegendis
983 2363 1403 2409 contribuentibus
1433 2363 1494 2408 ad
1526 2379 1628 2408 sen-

247 2465 351 2492 sum
376 2447 514 2511 legis,
544 2447 637 2492 hoc
682 2446 730 2491 in
769 2446 947 2490 merito
983 2441 1289 2506 magistratui
1324 2442 1629 2506 peculiarem

247 2527 545 2588 vigilantiam
571 2527 892 2589 imponentis,
922 2525 1095 2580 libere,
1127 2525 1256 2586 quod
1283 2524 1467 2584 justum
1484 2531 1532 2570 et
1554 2539 1630 2569 ae-

248 2623 395 2669 quum
415 2608 780 2664 adinvenerint3
817 2622 962 2670 agere
984 2606 1206 2661 valeant,
1240 2605 1353 2650 hinc
1375 2606 1493 2651 haec
1517 2619 1630 2666 quo-

250 2703 341 2749 que
378 2688 589 2750 benigna
612 2688 867 2752 dispositio
890 2687 1028 2750 regia
1054 2686 1359 2732 comitatibus
1386 2685 1435 2730 in
1468 2684 1632 2746 prima

250 2767 466 2830 generali
519 2769 895 2832 congregatione
948 2766 1320 2831 recapituletur,
1389 2764 1631 2828 huiusque
