1669 3189
582 148 794 208 ο...543
851 170 962 219 ..μ’

49 259 492 317 locumtenentiali,
517 275 663 322 quam
689 259 743 304 in
778 255 1077 304 Cancellaria
1097 255 1235 319 regia
1266 256 1451 320 hunger,

46 348 152 391 rico
187 344 343 389 aulica
377 341 718 404 approbatam.
766 341 879 385 Nro.
913 339 1009 383 aul.
1043 340 1184 385 6622.
1223 347 1445 387 1808.—-

46 423 307 487 Oppidana
335 420 686 467 communitate
713 419 809 482 jUS,
830 435 882 463 ac
920 418 1282 480 proprietatem
1306 419 1442 480 palu-

52 506 124 549 dis
165 504 358 550 Ranisai
396 503 556 547 Berek
594 501 778 554 dictae,
812 498 1138 544 fundamento
1189 516 1278 556 ρο,
1314 500 1443 562 quod

54 585 175 629 olim
202 585 287 628 sub
316 581 662 627 commissione
682 580 949 634 camerali,
984 586 1144 624 totum
1178 588 1455 639 terrenum,

58 665 278 726 adeoque
322 663 459 724 palus
499 660 676 716 etiam,
711 660 764 704 in
804 665 1041 721 quantum
1084 662 1337 707 territorio
1371 678 1452 724 ope

54 746 158 808 pidi
192 744 494 799 includitur,
549 743 609 786 ad
634 757 681 787 se
711 741 1035 802 pertinuerit,
1078 748 1307 804 tempore
1337 759 1454 788 vero

51 825 416 880 Grassichiano,
452 830 651 885 praeter
675 823 907 868 nonnulla
929 820 1172 867 beneficia
1228 829 1449 867 contrac.

48 913 103 950 tu
140 906 383 950 mediante
410 903 632 948 dominio
659 919 809 959 cessa,
843 903 894 947 in
928 902 1236 964 reliquorum
1270 919 1452 964 posses-

53 986 183 1030 sorio
226 984 576 1047 permanserit,
613 982 705 1028 sibi
750 982 1066 1039 vendicante,
1114 999 1167 1028 ac
1200 982 1253 1027 id
1286 982 1450 1045 ipsum

52 1065 393 1121 documentis,
440 1066 527 1110 sub
581 1066 638 1108 B.
690 1063 910 1109 seriatim
957 1080 1111 1125 usque
1151 1065 1206 1108 N.
1230 1063 1451 1108 inactatis

59 1148 384 1208 comprobare
425 1146 677 1191 adnitente
707 1179 720 1201 ,
771 1147 1066 1208 subsequum
1100 1160 1216 1190 vero
1257 1144 1451 1205 paludis

57 1229 161 1291 ejus
176 1228 292 1271 dem
335 1227 424 1272 sub
465 1227 756 1288 possessorio
793 1226 1118 1288 Szapariano,
1156 1232 1204 1268 et
1234 1225 1458 1284 Batthya-

55 1308 235 1369 nyiano
274 1322 447 1362 usum,
494 1306 694 1367 reliquis
733 1305 1075 1350 instrumentis
1114 1305 1340 1350 evincere
1379 1303 1460 1347 ad-

56 1389 335 1440 laborante,
371 1385 603 1444 quoniam
636 1392 897 1444 provocata
930 1383 1152 1445 ejusdem
1181 1384 1448 1445 producta,

54 1466 107 1512 id
153 1465 285 1527 quod
321 1463 371 1507 in
402 1462 695 1524 possessorio
730 1465 880 1508 totius
925 1463 1460 1526 terreni,-aliquando

57 1546 206 1592 etiam
244 1543 437 1607 paludis
484 1542 788 1605 praefuerit,
847 1543 1056 1587 minime
1098 1545 1302 1599 doceat,
1357 1542 1461 1586 imo

56 1634 298 1673 extractus
343 1624 431 1670 sub
466 1626 515 1670 C.
548 1642 641 1687 per
675 1625 839 1669 molae
881 1623 1023 1671 unius
1061 1640 1119 1668 ex
1148 1624 1352 1687 1·eliquis
1386 1640 1461 1668 ex-

58 1708 325 1761 cisionem,
363 1713 713 1767 terrarumque
753 1722 806 1750 ac
848 1713 1104 1768 pratorum
1138 1713 1271 1751 certo
1294 1721 1461 1750 nume—2

57 1804 114 1832 ro
158 1788 219 1831 ad
267 1786 498 1831 sessiones
535 1786 811 1830 ordinatam
860 1787 1229 1843 emensionem,
1266 1804 1364 1831 non
1394 1802 1462 1831 se-

60 1884 140 1912 cus
173 1874 219 1912 et
270 1873 545 1911 contractus
585 1866 950 1911 Grassichianus
993 1868 1080 1913 sub
1103 1869 1153 1914 F.
1183 1875 1462 1914 ceterorum

63 1946 427 1993 beneficiorum
482 1948 570 1992 sub
607 1964 751 1993 censu
798 1946 971 1992 factam
1016 1948 1320 2005 cessionem,
1352 1948 1465 1994 reli-

66 2029 149 2092 qui
184 2029 370 2074 terreni
411 2027 564 2090 partis
625 2027 985 2090 proprietatem
1021 2046 1074 2074 ac
1113 2047 1257 2075 usum
1299 2030 1462 2092 potius

63 2126 155 2172 pro
196 2108 416 2154 dominio
469 2108 801 2164 solicitarent,
837 2109 1095 2155 accedente
1134 2111 1334 2173 insuper
1373 2128 1463 2168 eo,

33 2177 38 2180 ²
69 2191 197 2253 quod
234 2189 468 2253 oppidani
493 2197 592 2234 tam
618 2190 704 2234 sub
730 2189 1028 2251 possessorio
1063 2190 1321 2248 camerali,
1359 2208 1463 2236 sen-

61 2287 117 2315 su
144 2268 469 2330 prop1·ior,um
493 2269 900 2316 documentorum
933 2278 980 2315 et
1005 2271 1252 2334 signanter
1282 2273 1369 2317 sub
1397 2273 1465 2323 D.

71 2366 219 2412 quam
258 2348 318 2393 ab
350 2366 408 2395 eo
436 2350 549 2395 inde
583 2357 845 2412 tempore,
885 2351 1117 2396 continuo
1147 2351 1464 2396 contributio-

65 2430 117 2475 ni
151 2430 349 2476 obnoxii
382 2429 624 2493 ignobiles
668 2430 821 2491 juris,
857 2447 911 2475 ac
952 2432 1269 2494 proprietatis
1320 2433 1465 2478 bono-

64 2526 177 2554 rum
212 2510 586 2569 nobilitarium,
624 2512 790 2574 utique
820 2513 1068 2574 incapaces
1117 2513 1330 2570 fuerint,
1375 2514 1461 2559 sed

65 2609 154 2637 nec
192 2594 615 2654 repraesentativo
658 2593 988 2657 cujuscunque
1033 2596 1288 2658 temporali
1325 2594 1465 2656 jure,

66 2673 200 2718 velut
242 2674 478 2735 subseque
504 2674 719 2719 excelsae
749 2673 965 2721 familiae.
1025 2677 1084 2722 de
1118 2677 1468 2740 Batthyany

68 2749 218 2799 factae
270 2753 514 2818 benignae
552 2754 798 2801 collationi
836 2757 999 2819 regiae
1039 2757 1167 2804 haud
1190 2759 1469 2822 aequipara¹
