1669 3189
731 179 1072 224 -1-«538--0

202 291 463 338 ditionibus
492 304 640 350 usque
688 287 914 349 proxime
955 277 1424 354 celebrandaregni
1448 293 1596 337 comi-

200 372 270 417 tia
300 372 612 423 extendatur,
661 383 714 413 ac
741 375 999 429 praeterea
1033 369 1084 415 in
1118 370 1281 415 locum
1319 389 1594 418 annuarum

202 451 525 498 urbarialium
560 446 894 493 visitationum
925 465 1018 511 pro
1052 449 1312 505 celeriori,
1365 453 1412 496 et
1458 453 1597 496 adae-

198 540 342 595 quata
382 529 698 591 querelarum
730 530 1060 575 urbarialium
1100 531 1490 592 complanatione
1523 548 1598 577 ac-

201 611 405 655 cedente
448 610 599 655 etiam
644 626 755 655 suae
794 609 1067 670 Majestatis
1114 627 1378 667 consensu,
1446 613 1594 657 modo

197 689 472 752 provisorio
496 690 746 753 sequentia
774 693 1110 737 observentur.

335 787 373 815 1.
409 771 636 816 Subditus
678 772 794 816 dum
832 778 880 816 et
909 772 1098 833 quando
1136 770 1389 834 querelam
1427 788 1596 834 quam-

195 848 331 910 piam
359 851 659 895 urbarialem
682 852 857 907 habet,
892 851 943 897 in
969 852 1130 913 prima
1161 850 1415 908 instantia,
1457 854 1591 915 apud

197 930 460 974 dominum
500 946 681 992 nempe
715 947 856 974 suum
895 940 1045 976 semet
1081 932 1327 985 insinuet,
1373 939 1422 976 et
1449 932 1487 977 si
1520 932 1591 977 ibi

195 1011 445 1056 medelam
494 1027 594 1056 non
648 1011 895 1066 obtineat,
962 1012 1216 1072 querelam
1250 1027 1483 1074 supremo
1516 1014 1594 1058 vel

196 1085 301 1135 vice
335 1091 532 1147 comiti,
578 1098 659 1137 aut
685 1091 983 1154 processuali
1021 1089 1174 1153 judici
1206 1090 1447 1138 nobilium
1484 1109 1598 1156 pro-

197 1178 363 1232 ponat.
433 1173 531 1235 Qui

328 1266 371 1297 2.
405 1253 512 1296 Non
540 1259 816 1314 exspectata
845 1251 1223 1315 congregatione
1244 1283 1258 1307 ‚
1309 1251 1385 1296 vel
1419 1251 1491 1296 sui
1520 1268 1597 1296 ex-

193 1331 443 1388 missione‚
469 1333 702 1377 meritum
722 1334 952 1395 querelae
978 1349 1036 1378 ex
1063 1331 1380 1377 incumbente
1409 1331 1592 1389 officio,

193 1421 334 1474 parte
359 1413 419 1457 ab
448 1413 679 1476 utrinque
708 1415 873 1459 audita
898 1413 1227 1477 investigare,
1283 1418 1332 1456 et
1361 1411 1400 1456 si
1422 1427 1594 1474 supre-

193 1511 276 1539 mo
313 1496 390 1540 vel
430 1495 535 1540 vice
562 1496 732 1540 comiti
775 1496 1082 1557 querimonia
1120 1491 1381 1538 urbarialis
1413 1507 1597 1554 propo-

194 1573 349 1630 nitur,
378 1574 430 1618 hi
446 1575 869 1637 investigationem
893 1576 1040 1618 talem
1070 1574 1301 1618 ordinare
1324 1578 1597 1619 teneantur.

324 1666 369 1702 5.
405 1654 702 1718 Investigans
743 1654 1120 1717 magistratualis
1168 1669 1399 1714 persona,
1462 1669 1597 1698 occa-

195 1733 330 1778 sione
366 1734 516 1794 ipsius
549 1735 935 1797 investigationis
965 1734 1203 1778 meritum
1246 1733 1473 1794 querelae
1499 1749 1591 1795 pro

192 1813 324 1875 justo
365 1821 414 1859 et
447 1831 601 1876 aequo
628 1815 790 1859 statim
828 1815 984 1859 amice
1020 1814 1182 1875 sopire
1215 1820 1264 1858 et
1290 1829 1592 1876 componere

196 1901 406 1957 satagat3
443 1894 614 1957 quodsi
642 1911 757 1940 vero
1398 1882 1401 1883 ⁷

327 1981 371 2022 4.
405 1975 747 2020 Accomodatio
778 1975 1038 2020 succedere
1064 1991 1160 2019 non
1181 1982 1371 2036 posset,
1416 1982 1591 2022 extunc

196 2057 491 2119 investigans
525 2056 907 2119 magistratualis
936 2056 1192 2102 dominum
1213 2062 1499 2100 terrestrem
1529 2056 1590 2101 ad

196 2135 550 2182 celebrandam
597 2136 765 2182 sedem
809 2134 1114 2181 dominalem
1134 2135 1266 2179 illico
1310 2135 1591 2193 admoneat,

191 2223 239 2259 et
265 2232 363 2261 una

331 2307 373 2344 5.
406 2297 503 2341 Sub
538 2294 764 2358 proxima
806 2296 1182 2359 congregatione
1225 2293 1407 2339 seriem
1441 2309 1584 2356 pera-

191 2384 292 2421 ctae
321 2376 705 2440 investigationis
733 2376 946 2433 reserat,
996 2377 1093 2420 fine
1136 2392 1221 2431 eo,
1276 2383 1330 2420 ut
1358 2375 1586 2428 circace-

188 2456 474 2502 lebrandam
511 2459 673 2503 sedem
704 2458 1029 2513 dominalem,
1083 2456 1346 2518 ipsumque
1390 2455 1430 2500 si
1468 2472 1588 2518 opus

190 2544 336 2592 esset,
370 2539 744 2601 praefigendum
767 2539 1063 2594 terminum,
1099 2545 1180 2582 aut
1210 2537 1248 2582 si
1274 2537 1401 2582 sedis
1430 2537 1584 2582 domi-

189 2617 313 2661 nelis
364 2620 622 2664 celebratio
670 2620 1109 2675 intermitteretur,
1178 2619 1491 2666 revidendam
1532 2619 1584 2663 in

190 2697 302 2741 sede
346 2699 577 2745 urbariali
618 2718 842 2758 causam,
901 2708 946 2746 et
988 2700 1050 2745 ad
1107 2707 1370 2762 utrumque
1414 2714 1583 2743 casum

189 2773 513 2826 ordinandam
547 2779 751 2829 subditis
783 2779 1109 2832 assistentiam
1135 2780 1358 2828 fiscalem
1384 2779 1586 2826 comita-
