1669 3189
594 193 662 205 ...-
722 173 799 214 601
861 194 930 204 nv·

56 279 367 326 contribuens
408 280 642 332 alimento
667 280 953 325 animalium
987 279 1269 336 destitutus,
1305 286 1352 323 et
1391 281 1446 325 ila

55 360 198 422 legali
229 359 428 405 nomine
464 359 630 422 pascui
677 367 898 404 taxarum
941 360 1175 404 solutione
1220 369 1443 422 gravatus

0 458 1 465 ¹
55 441 129 485 rei
170 458 282 486 suae
330 441 616 486 domesticae
658 443 898 503 jacturam
933 440 1034 501 pati
1073 441 1271 496 debens,
1293 441 1352 484 ad
1379 440 1442 483 fe-

52 522 207 566 renda
239 538 388 566 onera
411 521 598 583 privata
632 527 679 565 et
707 519 903 581 publica
948 519 1149 582 incapax
1183 522 1439 575 reddatur,

56 600 273 662 alioquin
305 609 468 646 autem
500 601 540 645 vi
571 600 771 661 benigni
807 599 996 642 urbm-ii
1025 601 1193 660 puncti
1241 612 1283 648 5.
1319 599 1355 658 §.
1388 599 1444 642 it-

51 678 181 723 idem
230 692 271 728 3.
313 688 360 724 et
397 679 657 742 respective
691 680 739 725 6.
782 679 830 722 in
871 677 1087 723 favorem
1129 679 1442 724 dominorum

50 760 360 804 terrestrium
387 760 652 803 admissum
680 759 975 813 haberetur,
1010 765 1065 801 ut
1093 759 1307 803 subditos
1334 776 1439 804 suos

49 856 147 885 una
183 841 261 884 vel
286 840 449 884 media
475 839 553 883 die
582 838 813 884 distantes
844 838 1079 883 continuis
1119 844 1160 887 [ι.
1192 838 1358 883 diebus
1387 839 1440 884 in

50 922 243 966 robotta
270 921 519 976 detinere,
571 920 751 964 eisdem
787 919 1106 964 nihilominus
1164 926 1341 964 aestate
1380 920 1440 964 de

50 1017 244 1062 pascuo,
286 1000 336 1046 in
369 1001 532 1045 hieme
567 1017 680 1045 vero
713 1000 772 1044 de
808 999 1020 1062 hospitio
1061 999 1320 1061 providere
1361 1001 1440 1044 de-

49 1079 211 1126 heanh

177 1162 266 1205 Eas
308 1163 513 1224 proinde
552 1163 780 1225 providas
829 1163 1162 1226 dispositiones
1221 1160 1435 1204 facturae

47 1250 156 1287 sunt
169 1241 517 1303 praetitulatae
534 1244 593 1287 D.
610 1250 817 1299 vestrae,
833 1261 893 1287 ne
909 1244 1090 1288 subditi
1115 1261 1140 1288 a
1176 1260 1207 1303 p
1226 1257 1251 1283 r
1267 1258 1291 1285 a
1307 1257 1330 1283 e
1344 1240 1375 1283 h
1392 1256 1436 1283 a-

44 1322 204 1366 bitis
257 1321 510 1383 pascuis
563 1330 787 1367 contra
822 1324 1072 1368 clarum
1109 1323 1140 1366 b
1163 1323 1439 1382 enignae

48 1401 383 1446 instructionis
410 1404 572 1466 regiae
604 1419 796 1447 sensum
835 1419 860 1447 a
877 1419 900 1445 r
919 1419 941 1445 c
957 1419 981 1447 e
1002 1409 1153 1446 antu
1170 1418 1194 1444 r
1210 1434 1222 1456 ,
1260 1417 1284 1444 e
1320 1400 1437 1443 locis

49 1497 164 1525 vero
206 1481 558 1526 remotioribus
597 1482 657 1525 ad
689 1483 936 1526 robottam
979 1478 1275 1525 dominalem
1307 1477 1439 1524 v'eni-

45 1561 238 1605 entibus
258 1593 272 1617 ,
325 1561 402 1605 vel
446 1562 504 1604 de
551 1560 836 1605 animalium
864 1577 1042 1621 pascuo
1084 1560 1303 1604 dominia
1327 1574 1437 1619 pro-

42 1642 209 1687 videre
234 1674 247 1697 ‚
292 1642 369 1685 vel
409 1657 527 1685 vero
564 1658 654 1702 pro
683 1640 971 1702 pabulandis
1007 1641 1057 1684 in
1086 1637 1300 1702 propriis
1334 1654 1438 1698 pas-

45 1723 143 1767 cuis
188 1721 477 1766 animalibus
520 1720 616 1764 suis
660 1720 897 1764 sufficiens
926 1727 1119 1780 tempus
1147 1717 1436 1772 admittere,

39 1811 169 1847 taxa
185 1819 202 1845 s
261 1806 422 1844 autem
484 1798 795 1861 hucadusque
854 1798 1045 1843 miseris
1087 1797 1436 1842 contribuenti=

39 1884 127 1929 bus
151 1881 406 1926 restituere
443 1878 662 1923 debeant.

42 2013 260 2078 [Quoad
286 2009 949 2072 pratorzszalcabilium
976 2012 1434 2070 imputationem.)

173 2117 213 2152 7.
259 2105 470 2151 Gravem
509 2122 610 2150 esse
653 2107 798 2150 etiam
841 2105 1145 2151 subditorum
1183 2102 1428 2165 querimo-

38 2185 205 2243 niam,
248 2188 379 2248 quod
428 2194 567 2248 prata
603 2188 753 2231 semel
785 2194 973 2231 tantum
1014 2184 1285 2237 sanabilia,
1322 2197 1431 2243 par-

39 2266 130 2309 tim
186 2282 277 2327 pro
309 2283 452 2324 raro,
487 2267 669 2328 partim
696 2283 812 2312 vero
835 2283 926 2328 pro
965 2282 1160 2327 semper
1190 2263 1263 2308 his
1296 2261 1433 2307 salca-

39 2345 218 2391 bilibus
250 2345 490 2407 imputata
525 2346 633 2391 sint.

170 2423 453 2484 Cuiusmodi
493 2442 697 2471 erronea
732 2425 994 2487 imputatio
1015 2460 1027 2483 ,
1080 2441 1189 2469 cum
1217 2429 1432 2486 praeter-

39 2521 184 2568 quam
229 2506 362 2568 quod
412 2508 462 2553 in
499 2524 644 2570 grave
687 2509 896 2554 miserae
949 2506 1105 2569 plebis
1147 2501 1431 2567 aggi-avium

38 2592 244 2648 ver-gat,
300 2601 506 2648 eamque
532 2588 801 2650 inquietam
834 2587 1033 2643 reddat,
1082 2603 1166 2632 nec
1204 2581 1430 2644 justitiae,

34 2683 123 2711 nec
163 2667 406 2727 systemati
445 2670 750 2725 conveniret,
783 2670 896 2714 ideo
935 2669 1122 2713 easdem
1160 2668 1222 2711 D.
1250 2668 1430 2709 vestras

37 2747 162 2792 serio
190 2749 404 2810 pariter,
443 2765 494 2794 ac
526 2749 789 2796 efficaciter
818 2749 1033 2804 reflecti,
1084 2753 1315 2810 quatenus
1344 2739 1433 2783 hu=
