1669 3189
725 215 798 229 ....
853 194 956 247 494·
1001 212 1069 224 ..m

199 305 382 353 similes
424 308 691 352 contractus
716 296 829 362 pari
853 297 1064 353 ratione,
1095 303 1246 359 prout
1268 299 1428 361 ipsum
1451 298 1593 346 [irha-

195 390 359 443 rium,
394 383 550 429 valide
575 380 892 433 coaluerunt,
929 375 1135 422 arbitrio
1163 377 1211 421 et
1251 377 1591 431 reformationi

195 469 420 533 judicum
468 464 520 505 in
573 460 652 506 via
700 459 822 522 juris
860 464 1215 520 exponeretur,
1282 474 1393 503 cum
1443 459 1591 506 etiam

197 548 326 611 quod
357 542 700 588 invalidatione
734 542 842 596 hac,
888 539 1089 597 ordine,
1126 546 1177 584 et
1205 555 1438 601 processu
1471 539 1594 602 juris

196 624 472 690 pertentari
500 638 754 679 concessa,
795 638 897 667 sors
926 628 972 666 et
1005 620 1219 666 conditio
1243 621 1597 665 locorum‘con-

195 704 542 759 tractualium,
593 703 654 748 ad
678 719 800 766 quae
854 701 1107 748 ordinarie
1134 735 1150 758 ‚
1201 702 1331 748 velut
1379 701 1596 746 maxime

193 785 433 849 populosa
470 783 524 828 in
569 790 794 846 respectu
825 782 1142 845 publicorum
1179 780 1394 826 onerum'
1410 781 1598 830 eisdem

194 863 592 918 incumbentium
643 863 981 926 praeferenter
1052 862 1237 925 publici
1290 862 1599 924 providentia

195 944 399 992 extendi
451 943 625 999 debet,
679 943 858 1002 dubia,
895 952 944 988 et
978 945 1169 990 incerta
1194 944 1511 1000 redderetur,
1537 931 1600 995 id

195 1034 367 1074 autem
394 1022 703 1070 convulsioni
740 1040 910 1068 rerum
938 1025 1137 1086 publico
1172 1026 1434 1074 damnosae
1459 1022 1602 1070 facile

200 1107 513 1154 occasionem
537 1106 811 1168 praebere,
849 1103 966 1166 quin
990 1113 1038 1149 et
1071 1105 1122 1148 id
1150 1120 1388 1167 generare
1426 1110 1603 1166 posset,

197 1195 254 1233 ut
280 1185 656 1231 communitates
685 1200 777 1246 per
801 1184 1107 1231 urbarialem
1142 1182 1502 1247 regulationem
1529 1199 1605 1228 re-

196 1268 322 1313 flexe
340 1267 401 1311 ad
421 1272 599 1310 statum
626 1272 740 1310 ante
765 1265 1068 1312 urbarialem
1094 1272 1323 1328 gravatae
1352 1279 1526 1326 parem
1554 1264 1608 1309 fi-

199 1365 261 1393 ne
288 1347 578 1393 obtinendae
622 1346 848 1391 medelae
885 1346 1286 1408 praetensionem
1314 1343 1508 1392 faciant.

331 1426 664 1488 Decipiuntur
697 1434 744 1471 et
776 1425 880 1482 illi,
917 1427 1000 1488 qui
1035 1426 1146 1472 illos
1194 1433 1390 1472 tantum
1431 1438 1609 1486 perpe-

203 1514 307 1552 tuos
330 1514 612 1556 vcontractus
630 1509 721 1567 pro
750 1507 1024 1567 praeterito
1047 1506 1364 1554 stabiliendos
1390 1509 1601 1560 censent,

203 1586 291 1648 qui
323 1602 435 1631 cum
457 1587 604 1647 plena
632 1585 850 1646 partium
889 1585 1114 1631 libertate
1139 1585 1250 1630 initi
1284 1592 1412 1642 sunt,
1435 1591 1607 1632 notum

204 1665 341 1710 enim
368 1673 452 1721 est,
477 1664 530 1710 in
560 1664 811 1726 quibusvis
841 1664 1077 1711 similibus
1104 1664 1438 1711 contractibus
1454 1681 1605 1728 penes

204 1743 471 1789 directivas
507 1746 700 1805 regulas
745 1746 951 1789 antehac
983 1746 1391 1806 praeexistentes,
1424 1746 1601 1808 plenae

205 1823 423 1869 libertati
451 1824 618 1868 locum
646 1824 875 1870 relictum
899 1843 1000 1871 non
1027 1824 1188 1882 fuisse,
1224 1825 1311 1870 ubi
1339 1824 1471 1877 enim
1499 1831 1607 1870 ante

207 1902 572 1966 regulationem
599 1911 870 1950 contractus
893 1904 991 1965 jam
1015 1906 1395 1969 praevigebant‚
1439 1913 1489 1950 et
1519 1912 1609 1950 sta-

207 1991 285 2029 tus
316 1985 601 2030 colonorum
647 1985 879 2032 continuo
929 1987 1270 2033 contractualis
1312 1987 1499 2044 suerat,
1536 1985 1608 2032 ihi

207 2082 270 2111 ex
294 2081 439 2111 sensu
459 2065 806 2115 altissimarum
844 2066 1150 2113 decisionum
1178 2067 1468 2115 modificatis
1509 2083 1610 2111 mo-

210 2145 467 2191 dificandis
482 2154 755 2193 contractus
768 2165 860 2209 pro
884 2147 1044 2194 stabili
1067 2164 1243 2192 norma
1276 2145 1608 2192 deserviturus

210 2233 261 2270 et
285 2225 546 2284 ineundus,
581 2235 630 2272 et
656 2229 931 2290 respective
970 2228 1291 2290 acceptandus
1340 2226 1612 2290 praecipie-

209 2305 387 2364 batur3
447 2323 557 2353 cum
603 2308 813 2371 proinde
849 2308 902 2353 in
934 2308 1175 2354 similibus
1217 2309 1362 2370 plena
1407 2306 1610 2354 libertas

217 2403 316 2431 non
347 2386 586 2445 adfuerit,
622 2390 749 2434 ratio
783 2388 1106 2434 nihilominus
1142 2395 1192 2433 et
1233 2385 1611 2438 conservationis

221 2474 271 2510 et
297 2469 569 2516 securitatis
598 2472 913 2526 colonorum,
949 2470 1097 2515 simul
1129 2476 1177 2514 et
1208 2457 1441 2516 autoritas
1489 2464 1613 2511 altis-

219 2546 460 2593 simarum
514 2548 822 2594 decisionum
870 2556 917 2594 et
962 2547 1322 2594 resolutionum
1361 2546 1612 2609 regiarum

219 2625 445 2687 deposcat
466 2661 478 2684 ,
513 2637 568 2674 ut
592 2631 711 2675 tales
731 2647 831 2675 non
863 2629 1086 2676 obstante
1116 2627 1325 2674 dominii
1346 2628 1398 2672 in
1424 2632 1612 2673 contra·
1640 2629 1644 2637 “

219 2706 353 2750 rium
386 2710 803 2757 remonstratione
828 2718 993 2755 tamen
1026 2709 1139 2756 initi
1167 2742 1182 2766 ,
1227 2705 1514 2767 subscripti,
1557 2720 1612 2750 ac
1655 2721 1659 2733 ¹

222 2785 365 2832 subin
391 2803 481 2831 usu
507 2790 752 2848 roborati,
787 2807 940 2853 porro
974 2790 1126 2837 etiam
1164 2795 1528 2835 conserventur.

350 2869 444 2913 Ubi
472 2885 586 2914 vero
611 2869 711 2931 jam
740 2872 985 2917 modernis
1014 2870 1613 2933 temporibus'contractus
