1669 3189
555 164 823 216 sw547
886 186 989 211 m.

79 270 228 316 etiam
252 277 534 315 cunctarum
563 272 944 317 correlationum
968 271 1096 318 inter
1126 271 1342 319 dominia
1372 281 1466 320 ter-

77 348 330 406 restralia,
378 358 425 396 et
452 353 824 397 communitates
861 351 1250 398 subversantium
1289 362 1359 399 sat
1398 373 1468 400 su-

76 446 261 493 perque
295 431 531 487 defixam,
597 433 857 494 pluresque
899 433 1133 496 benignas
1169 434 1379 478 eundem
1414 435 1483 487 in,

75 526 277 571 scopum
325 510 386 554 ad
434 511 829 560 consolidandam
872 513 1155 556 colonorum
1198 511 1464 559 faciliorem

74 590 378 636 existentiam
410 591 724 635 resolutiones
751 591 905 653 regias
933 593 1131 654 quidem
1163 594 1312 639 editas
1342 610 1457 650 esse,

78 671 251 733 quibus
279 671 428 716 modo
456 671 551 716 rite
582 672 933 727 observentur,
981 673 1173 716 effectus
1203 674 1463 719 altissimae

77 750 334 795 voluntatis
363 750 524 812 regiae
547 783 562 806 ,
595 750 828 811 repressis
858 751 1039 796 cunctis
1070 754 1334 798 excessibus
1368 771 1468 799 cer-

14 857 21 863 „
72 838 122 876 to
150 829 365 876 obtineri
396 837 573 891 posset.
656 831 779 874 Cum
816 837 979 876 tamen
1012 847 1070 875 ex
1105 832 1319 878 officiosa
1358 851 1468 895 per-

75 913 362 955 tractatione
384 916 694 971 processuum
722 911 1072 967 urbarialium,
1116 920 1163 956 et
1192 915 1470 974 superrevi-

73 993 205 1038 sione
241 992 630 1054 protocollorum
672 990 890 1052 ejusdem
939 990 1116 1053 objecti
1153 995 1354 1039 omnino
1387 1012 1467 1057 ap-

71 1072 309 1134 paruerit,
344 1072 554 1135 querelis
585 1073 870 1119 colonorum
899 1072 1110 1134 saepiUS,
1129 1082 1274 1134 prout
1294 1075 1341 1120 in
1373 1077 1467 1137 spi-

72 1154 171 1199 ritu
191 1155 238 1199 b.
263 1154 620 1198 resolutionum
655 1155 966 1216 oportuisset,
1003 1172 1100 1200 non
1128 1156 1288 1201 debito
1317 1157 1463 1201 modo

70 1241 385 1295 prospectum
425 1234 597 1291 fuisse,
674 1236 891 1297 adeoque
947 1235 1306 1298 invigilandum
1346 1252 1464 1292 esse,

70 1322 123 1358 ut
148 1315 527 1375 praeexistentes
555 1315 606 1359 in
650 1315 979 1360 urbarialibus
1008 1315 1251 1379 benignae
1276 1315 1466 1360 ordina-

68 1394 218 1438 tiones
255 1392 422 1454 regiae
445 1401 543 1437 tam
568 1410 660 1454 per
682 1394 901 1454 publicos
935 1396 1271 1457 magistratus,
1321 1412 1466 1456 quam

70 1480 118 1517 et
163 1473 508 1517 concernentia
550 1472 764 1516 dominia
802 1473 1106 1518 terrestralia
1147 1491 1238 1535 pro
1277 1475 1464 1518 ratione

70 1550 220 1596 officii
255 1559 302 1596 et
338 1552 528 1597 strictae
554 1551 861 1614 obligationis
903 1552 1155 1596 irremisse
1186 1554 1320 1597 omni
1351 1570 1464 1598 cum

69 1632 386 1691 sanctimonia
409 1634 745 1689 observentur,
769 1632 883 1677 hinc
915 1648 1061 1694 scopo
1090 1630 1329 1677 efficacius
1352 1648 1464 1693 pro-

71 1714 315 1758 curandae
354 1714 500 1757 huius
540 1714 732 1759 debitae
775 1714 1144 1769 observantiae,
1181 1712 1258 1758 die
1285 1723 1361 1760 22.
1390 1713 1468 1757 de-

75 1794 286 1838 cembris
345 1803 485 1841 1815.
533 1809 636 1838 nro.
689 1794 782 1838 aul.
832 1800 1001 1848 15948.
1055 1791 1336 1854 dispositum
1377 1798 1465 1847 est,

71 1880 160 1929 „ut
189 1874 247 1917 ad
272 1871 649 1917 resroenandam
684 1889 904 1929 omnem,
942 1890 1061 1934 quae
1085 1873 1138 1916 in
1170 1874 1215 1918 b.
1244 1872 1464 1923 urbaria-

27 2008 29 2011 Ι
71 1953 140 1996 les
168 1953 486 1997 resolutiones
531 1951 688 2014 regias
715 1969 806 2014 per
847 1951 1162 1997 arbitrarium
1194 1952 1463 2012 proceden-

75 2034 122 2078 di
143 2033 350 2077 modum
369 2032 618 2095 impingit,
644 2032 915 2089 licentiam,
940 2033 1462 2095 manutenendumque

77 2114 159 2176 qui
212 2115 394 2159 defixus
440 2121 531 2170 est,
595 2113 863 2174 systematis
901 2113 1161 2157 urbarialis
1214 2112 1460 2168 ordinem,

69 2194 330 2257 peculiaris
359 2195 632 2239 sollicitudo
655 2201 700 2239 et
729 2192 978 2256 vigilantia
1009 2192 1314 2247 adhibeatur,
1352 2207 1464 2253 qua-

68 2282 208 2320 tenus
234 2275 474 2319 observati
497 2293 553 2320 ex
582 2274 952 2335 investigatione
977 2271 1345 2334 magistratuali,
1381 2278 1462 2316 aut

36 2372 95 2400 ‘e
139 2356 264 2400 serie
295 2344 679 2417 protocollorum
720 2351 1043 2399 urbarialium
1085 2353 1256 2397 abusus
1299 2360 1346 2396 et
1385 2369 1460 2397 ex-

70 2453 226 2483 cessus
257 2436 523 2482 urbariales
551 2453 662 2480 eum
691 2436 742 2480 in
764 2436 911 2479 finem
940 2434 1164 2479 adnotari
1189 2449 1286 2477 non
1310 2433 1458 2477 inter-

66 2517 357 2573 mittantur,
413 2525 465 2561 ut
491 2524 870 2578 transgressores
910 2514 1109 2576 benigni
1143 2513 1359 2568 urharii,
1413 2519 1460 2557 et

67 2595 424 2641 resolutionum
469 2603 664 2641 eatenus
707 2602 1074 2647 emanaturum,
1124 2600 1228 2636 tum
1267 2594 1325 2637 ad
1359 2593 1461 2654 ple-

0 2689 4 2691 '
66 2694 181 2722 nam
209 2675 387 2720 colonis
415 2675 759 2737 praestandam
794 2675 1165 2719 indemnitatem
1183 2706 1196 2729 ,
1243 2679 1349 2717 tum
1376 2673 1460 2717 eti-

72 2772 147 2802 am
170 2758 370 2818 insuper
388 2757 436 2800 in
456 2755 628 2818 spiritu
653 2755 942 2818 provisionis
960 2757 1184 2800 instruct.
1201 2759 1455 2816 exequent‚

1042 2834 1126 2879 ‘Im
1166 2849 1189 2881 2
