1669 3189
604 169 955 226 *⁸527*

67 285 124 330 ad
155 295 381 327 recursus
408 277 651 325 faciendos
675 283 942 340 provocant
969 274 1124 341 (quod.
1152 291 1214 322 ne
1238 274 1323 321 fiat
1345 309 1359 332 ‚
1399 276 1469 338 ju·-

67 362 296 410 risdictio
324 361 514 423 singula
543 375 690 405 curae
722 358 813 403 sibi
840 358 1020 403 hahere
1063 357 1237 409 debet)
1279 364 1361 401 aut
1395 356 1467 402 in-

64 443 255 490 stantias
290 447 570 504 apponunt,
595 439 850 484 instantiae
873 438 1084 501 cujusvis
1116 440 1259 483 dorso
1281 453 1466 482 nomen

66 523 404 571 concinnantis
458 518 740 566 instantiam
782 519 1064 577 adnotetur3
1115 519 1212 564 fine
1271 534 1328 562 eo
1355 551 1369 575 ,
1411 523 1469 564 ut

63 621 155 666 pro
180 619 236 647 re
285 609 398 648 nata
449 602 581 647 idem
621 600 683 644 ad
723 615 844 644 onus
881 599 1215 660 responsionis
1245 598 1468 654 adtrahi,

66 692 111 728 et
139 683 280 727 subin
316 684 375 727 ad
408 680 737 727 refundendas
774 677 990 724 inaniter
1039 679 1466 725 contribuentibus

65 769 281 808 causatas
307 777 534 824 expensas
563 758 917 816 condemnari,
955 759 1059 804 imo
1090 757 1130 802 si
1161 757 1200 802 is
1234 757 1465 820 ignobilis

62 842 213 897 foret,
271 842 541 903 exemplari
580 841 731 885 etiam
777 839 1000 901 corporis
1042 838 1271 884 afflictiva
1305 854 1466 899 poena

64 922 246 986 plecti,
291 922 468 967 nobilis
498 938 614 968 vero
643 919 831 965 actione
855 917 958 966 fisci
984 918 1261 974 conveniri,
1299 924 1346 961 et
1372 933 1464 979 pro

65 1004 256 1049 ratione
283 1009 447 1047 reatus
477 1003 718 1066 condigne
749 1001 919 1064 puniri
954 1006 1110 1063 queat.

204 1095 248 1134 8.
299 1085 415 1129 Nro.
462 1083 560 1126 aul.
599 1089 772 1135 12848.
819 1090 959 1129 1801.
993 1079 1124 1124 deb.
1166 1079 1468 1124 resolutione

71 1166 206 1228 regia
239 1164 289 1209 in
325 1161 656 1208 urbarialibus
681 1160 976 1223 disponitur,
1011 1180 1060 1207 a.
1091 1167 1146 1204 ut
1174 1159 1390 1222 provisio
1414 1159 1469 1203 il-

66 1247 113 1290 la
142 1245 450 1289 circulariter
478 1242 845 1305 republicetur‚
884 1249 938 1286 ut
959 1239 1294 1303 querimoniae
1328 1239 1473 1284 seria-

68 1328 158 1371 tim
183 1334 229 1371 et
268 1324 542 1387 punctatim
566 1330 906 1385 proponantur
924 1356 938 1379 ,
972 1323 1136 1367 taliter
1164 1319 1312 1366 etiam
1348 1319 1474 1364 deci-

72 1407 235 1451 siones
262 1412 361 1448 tam
391 1404 443 1447 in
467 1403 580 1447 sede
607 1402 842 1448 dominali
867 1419 1013 1464 quam
1041 1403 1202 1447 sedria
1223 1400 1472 1446 ferendae.

70 1488 114 1532 b,
154 1484 248 1532 Ubi
274 1471 492 1545 plurium
519 1482 873 1543 possessionum
903 1483 1133 1544 querelae
1153 1489 1473 1539 concurrunt,

69 1564 325 1627 cujuslibet
341 1560 659 1624 possessionis
677 1560 908 1623 querelae
924 1563 1298 1623 pertractandae
1320 1590 1386 1596 --
1403 1562 1473 1607 ita

72 1653 124 1690 ut
158 1644 382 1707 primum
426 1643 657 1704 querelae
694 1643 939 1704 integram
985 1643 1390 1687 communitatem
1424 1642 1478 1688 in

73 1732 299 1771 concreto
326 1731 675 1769 concernentes
697 1730 1068 1779 assummantur,
1104 1730 1151 1767 et
1186 1723 1301 1768 dein
1339 1722 1466 1767 indi-
1525 1749 1529 1752 -

73 1806 291 1851 viduales
316 1804 631 1860 colonorum,
691 1820 905 1866 quorum
943 1803 980 1848 si
1013 1820 1138 1848 unus
1166 1804 1347 1849 alterve
1369 1802 1474 1862 plu-

73 1904 129 1931 ra
180 1886 380 1930 haberet
425 1883 651 1946 agravia,
708 1883 830 1927 haec
860 1883 1130 1944 punctatim
1162 1890 1335 1930 attacta
1377 1900 1479 1928 me-

75 1966 224 2012 thodo
261 1971 641 2027 pertractentur.
712 1977 752 2009 c.
796 1964 1180 2008 Provocatorum
1217 1963 1270 2008 in
1309 1964 1480 2027 allega-

76 2048 134 2092 tis
171 2047 618 2092 instrumentorum
645 2044 875 2090 elenchus
925 2059 1121 2106 semper
1145 2060 1238 2106 per
1267 2045 1477 2090 notaria-

81 2133 187 2171 tum
219 2127 590 2173 comitatensem
624 2124 878 2171 occasione
917 2123 1248 2170 submissionis
1290 2141 1479 2186 proces-

77 2224 152 2253 sus
191 2207 496 2256 adnectatur.
567 2208 612 2251 d.
652 2208 967 2251 Documenta
1004 2203 1243 2250 slavonica
1278 2219 1477 2266 semper

78 2289 228 2333 etiam
261 2289 312 2334 in
337 2289 544 2335 latinum
574 2293 983 2349 transponantur.
1063 2302 1102 2331 e.
1141 2285 1478 2331 Comitatensi-

76 2367 165 2412 bus
198 2367 508 2431 injungatur,
564 2375 616 2412 ut
658 2365 1020 2429 praescriptum
1049 2365 1144 2410 hoc
1190 2382 1281 2428 per
1315 2371 1479 2427 partes

80 2455 425 2495 concernentes
479 2446 781 2494 exactissime
829 2445 1078 2491 observari
1114 2452 1322 2501 curent,
1368 2452 1415 2491 et
1440 2444 1482 2488 si

29 2536 36 2541 '
81 2547 140 2576 ex
163 2528 464 2592 processibus
488 2528 675 2573 sedriae
704 2526 933 2572 exhibitis
967 2528 1303 2582 observarent,
1337 2540 1475 2587 prae-

82 2611 261 2672 scripta
291 2609 412 2653 haec
442 2610 699 2654 observata
726 2606 860 2652 haud
886 2606 1048 2663 fuisse,
1082 2621 1369 2669 processum
1415 2622 1481 2650 se-

83 2690 133 2735 di
171 2690 405 2736 dominali
443 2705 539 2734 non
579 2687 737 2734 solum
797 2703 1122 2750 expensarum
1173 2687 1482 2735 reiterandae
