1669 3189
749 190 816 201 ....
873 168 957 218 458
1015 190 1082 200 u...

776 270 896 306 ΛΒΤ.
938 271 1021 305 111.

223 375 305 421 De
336 365 728 417 combinabor-io
771 365 1163 422 possessionum
1200 370 1376 410 statas
1413 367 1543 410 novi

689 445 807 475 cum
832 431 1076 489 antiquo.

321 543 742 591 Combinatorium
782 544 1036 597 locorum,
1082 542 1135 586 in
1166 559 1261 603 quo
1305 548 1449 587 status
1493 560 1585 588 ses-

190 630 379 673 sionum
401 624 610 669 tabellae
644 622 901 668 urban-ialis
932 638 1083 667 novae
1118 629 1165 666 et
1186 622 1410 683 antiquae
1444 638 1585 684 expo-

188 709 300 751 situs
328 705 560 762 habetur3
596 720 685 766 pro
721 702 1093 748 remonstranda
1120 702 1415 764 operationis
1457 703 1585 764 lega-

185 788 322 831 litate
350 792 418 830 est
453 800 649 846 prorsus
681 782 1039 839 necessarium,
1079 782 1206 844 quod
1250 783 1480 829 sessiones
1531 783 1584 827 in

188 883 273 912 sua
303 865 583 929 integritate
611 864 990 925 complectatur,
1028 871 1328 926 etperaeque
1343 879 1434 925 per
1474 863 1586 907 arti-

190 948 355 992 culare
382 945 718 990 testimonium
753 961 848 988 una
897 960 1007 988 cum
1056 952 1287 1005 operante
1335 951 1585 1007 geometra

186 1027 514 1089 subscriptum
542 1041 642 1070 esse
663 1025 818 1069 debet.
861 1024 1245 1068 Instrumentum
1277 1024 1432 1071 isthoc
1457 1040 1585 1069 coms

189 1109 523 1164 binatorium,
558 1121 747 1152 summe
783 1111 854 1150 est
875 1105 1233 1159 necessarium,
1291 1096 1585 1164 praesertim

188 1205 245 1233 ea
270 1188 514 1233 occasione
539 1218 552 1240 ‚
588 1187 704 1230 dum
734 1200 792 1229 ex
818 1191 956 1246 parte
1001 1185 1209 1229 dominii
1243 1184 1446 1246 alicujus
1487 1190 1584 1228 ter-

185 1267 431 1321 restralis‚
467 1265 737 1327 praemissa
770 1263 870 1325 jam
896 1266 1200 1328 geometrica
1244 1264 1579 1321 dimensione,

185 1349 246 1393 ad
268 1346 650 1410 regulafiouem,
692 1353 738 1389 et
766 1346 1037 1407 respective
1087 1346 1490 1391 comassationem
1520 1353 1586 1390 ten

186 1437 422 1475 nutorum
440 1426 780 1472 colonicalium
817 1433 864 1469 et
893 1433 1167 1470 ceterorum
1197 1425 1463 1470 fundorum
1507 1427 1587 1472 via

183 1510 303 1573 juris
330 1507 565 1553 urhariali
599 1505 915 1568 proceditur,
967 1514 1014 1550 et
1057 1523 1166 1551 cum
1212 1507 1364 1552 isthoc
1402 1507 1585 1552 combi-

187 1592 453 1645 natorium‚
494 1604 659 1632 causae
689 1603 779 1648 pro
812 1587 968 1649 justo,
1012 1596 1059 1632 et
1095 1604 1248 1649 aequo
1285 1587 1582 1633 decidendae

186 1670 461 1734 plurimum
495 1667 770 1712 subservire
813 1668 986 1724 dehet,
1030 1669 1424 1730 jurisdictionum
1467 1669 1589 1732 vigi-.

186 1752 388 1797 lantiam
419 1749 742 1811 peculiariter
767 1765 854 1809 per
876 1750 1113 1811 benignas
1157 1750 1480 1794 resolutiones
1509 1766 1584 1794 re-

187 1831 289 1894 gias
315 1847 371 1875 eo
405 1836 714 1891 provocatam
742 1844 875 1883 esse,
926 1835 978 1872 ut
1023 1828 1144 1872 nihil
1186 1845 1386 1889 prorsus
1432 1828 1582 1874 inter-

188 1911 411 1965 mittant,
449 1909 579 1971 quod
608 1908 668 1952 ad
698 1907 962 1970 genuinam
985 1941 997 1963 ‚
1035 1925 1087 1953 ac
1123 1907 1362 1954 sinceram
1404 1910 1580 1954 utlius-

189 2008 282 2053 que
310 1989 590 2053 possessorii
617 1996 764 2034 status
793 1989 1224 2045 eruderationem,
1266 1998 1313 2034 et
1347 1991 1399 2034 in
1435 1992 1577 2053 hujus

186 2089 315 2117 nexu
340 2054 605 2117 sistendum
626 2056 847 2115 accurate
875 2070 1114 2116 calculum
1139 2071 1450 2133 suppeditare
1473 2080 1578 2133 pot-

187 2159 273 2196 est.
312 2151 483 2196 Omnis
506 2151 634 2194 hoc
620 2168 672 2194 ιη
719 2151 897 2196 merito
912 2159 1073 2197 exacta
1106 2153 1407 2214 procedendi
1449 2155 1575 2200 mtio

185 2232 544 2294 magistratibus
569 2232 822 2278 incumbit.
862 2234 1084 2279 Continet
1121 2242 1282 2280 autem
1334 2236 1577 2283 combina-

183 2315 369 2358 iorium
405 2321 659 2376 sequentes
695 2314 1295 2361 rubricas—Secundum
1326 2317 1575 2378 antiquam

184 2397 409 2441 tabellam
463 2408 501 2442 1.
537 2396 780 2440 Numerus
823 2395 1005 2441 domus.
1056 2408 1100 2443 2.
1141 2398 1353 2442 Nomina
1385 2398 1572 2444 colono-

185 2491 310 2520 rum.
348 2489 388 2524 5.
419 2476 695 2521 Sessionum
722 2476 989 2533 indict-atio,
1028 2486 1264 2539 quantum
1292 2478 1394 2541 quis
1422 2479 1571 2540 possi-

186 2555 281 2600 det.
337 2561 378 2602 4.
423 2559 670 2619 Quantum
722 2557 774 2601 in
823 2557 1039 2603 metretis
1101 2577 1276 2621 poson.
1341 2559 1569 2606 efficiant.

185 2646 232 2683 5.
300 2635 485 2680 Terrae
543 2636 763 2684 arabiles,
833 2643 877 2688 6.
940 2641 1119 2687 Currus
1177 2642 1325 2688 foeni.
1397 2643 1568 2688 Secun-

182 2716 298 2759 dum
345 2730 515 2759 novam
565 2718 809 2764 tabellam.
884 2733 924 2768 7.
983 2724 1228 2769 Numerus
1287 2724 1471 2769 domus.
1519 2734 1565 2780 8,

182 2796 394 2844 Nomina
421 2796 721 2845 colonorum.
760 2811 801 2856 9.
837 2801 1114 2850 Sessionum
1152 2805 1413 2853 indictatio.
1489 2818 1564 2854 10.
