1669 3189
680 201 748 212 m·
805 177 888 219 386
947 197 1017 210 w·-

302 293 436 335 Anno
472 289 612 334 citato
657 287 791 332 1165.
830 294 906 332 51.
934 281 1143 328 octobris
1169 300 1268 330 una
1302 285 1451 333 etiam
1484 286 1560 333 co·

170 371 337 417 missio
367 365 622 414 urban-ialis
652 379 803 425 penes
830 362 1098 408 Consilium
1138 365 1331 427 regium
1359 369 1559 426 locumt-

174 452 263 497 suh
308 447 548 512 praesidio
583 443 770 488 comitis
797 444 986 489 Ioannis
1015 445 1165 505 Csaky
1201 460 1314 488 cum
1358 451 1402 494 4.
1443 449 1561 494 Con.

171 530 365 577 siliariis
395 535 462 572 est
490 524 798 569 introducta:
836 524 1054 569 actuario
1084 525 1413 571 communiter
1441 529 1561 574 cala-

171 626 306 656 mum
337 609 562 654 ducente.

298 687 508 734 Urharia
535 686 758 729 locorum
788 683 1026 730 innuente
1065 683 1461 731 comissariorum
1486 700 1561 731 re-

169 771 364 832 giorum
402 765 719 812 instructione
759 771 795 818 9.
845 775 920 814 18.
960 776 1032 820 19.
1071 764 1121 809 in
1161 772 1366 826 quatuor
1403 781 1562 810 exem-

168 849 387 912 plaribus
429 864 517 909 per
552 853 841 907 exequentes
855 845 1240 907 magistratuales
1268 845 1562 890 concinnan-

169 930 260 986 da,
317 946 373 975 ex
418 927 591 991 quibus
617 943 770 971 unum
797 925 1111 971 concernenti
1144 926 1364 971 dominio
1406 932 1561 970 terre-

167 1010 332 1066 strali,
395 1010 603 1054 alterum
641 1006 738 1051 loci
780 1005 1119 1050 communitati
1159 1007 1564 1069 consignandum,

167 1091 370 1134 tertium
394 1105 488 1151 pro
517 1088 778 1143 comitatu,
827 1093 1056 1146 quartum
1079 1102 1194 1131 vero
1232 1102 1322 1147 pro
1345 1086 1560 1133 Consilio

165 1171 302 1233 regio
330 1164 751 1212 locumtenentiali
798 1164 1176 1208 deserviturum.

293 1249 400 1291 Jam
437 1260 554 1289 vero
599 1244 763 1304 ipsum
814 1242 1072 1286 urbarium
1123 1244 1413 1306 ceteroquin
1471 1243 1562 1290 im·

163 1341 413 1389 pressum,
461 1324 594 1385 quod
634 1321 900 1383 unicuique
939 1323 1048 1366 loco
1089 1321 1326 1366 urbariali
1374 1324 1562 1386 regula⁴

166 1406 289 1451 tioni
341 1404 578 1466 subjecto,
634 1418 733 1446 una
765 1417 877 1446 cum
924 1401 1097 1446 ceteris
1130 1401 1459 1446 urbarialibus
1490 1403 1560 1447 in-

167 1484 447 1532 strumentis
472 1481 749 1544 consignari
774 1481 933 1537 debet,
966 1487 1067 1524 tam
1090 1479 1140 1523 in
1172 1487 1363 1538 natura,
1409 1498 1556 1543 quam

166 1565 217 1608 in
247 1561 577 1624 aequivalenti
602 1558 818 1604 continet
846 1570 889 1615 9.
916 1567 1125 1620 puncta3

299 1655 338 1689 1.
374 1640 481 1704 Agit
526 1640 583 1683 de
631 1638 942 1684 constitutivo
981 1645 1082 1683 tam
1135 1641 1355 1687 sessionis
1410 1641 1558 1699 intra,

169 1740 311 1786 quam
338 1721 707 1775 mamillanae,
753 1725 940 1765 constat
967 1718 1005 1778 ᾗ.
1034 1718 1071 1778 §.
1105 1728 1149 1772 4.

294 1815 339 1851 2.
374 1804 449 1847 De
481 1800 734 1846 beneficiis
768 1807 815 1844 et
840 1798 1030 1860 juribus
1055 1800 1360 1845 subditorum
1398 1799 1492 1860 §M§
1515 1811 1556 1851 8.

297 1895 343 1932 5-
375 1885 451 1928 De
484 1880 683 1927 ro'bottis
724 1887 772 1925 et
814 1879 1126 1925 servitutibus
1179 1881 1488 1927 subditorum
1520 1888 1557 1935 §.

166 1963 208 2024 §.
240 1974 312 2014 18.
532 2008 533 2011 ,

296 2050 340 2092 4.
375 2045 450 2088 De
478 2042 634 2098 datiis,
673 2048 719 2085 et
747 2040 948 2086 caeteris
972 2041 1375 2103 praestationibus
1402 2041 1440 2103 §.
1461 2043 1555 2103 §.8.

298 2135 340 2171 5.
374 2125 449 2167 De
478 2139 605 2167 nona
628 2128 673 2166 ot
696 2121 805 2182 jure
839 2129 1072 2166 montano
1110 2127 1146 2173 9.
1174 2121 1212 2180 §.
1240 2132 1283 2178 9.

297 2205 341 2250 6.
377 2204 451 2247 De
472 2201 660 2263 juribus
683 2209 730 2246 et
755 2202 1007 2246 beneficiis
1042 2202 1368 2247 dominalibus
1395 2201 1432 2262 §.
1452 2201 1553 2261 §.6.

297 2295 338 2330 7.
374 2283 449 2327 De
486 2281 681 2327 sublatis
719 2281 942 2328 abusibus
979 2289 1024 2328 et
1059 2283 1331 2330 excessibus
1359 2282 1412 2327 in
1439 2282 1563 2330 futu..

173 2377 286 2406 rum
314 2360 551 2406 evitandis
578 2361 615 2421 ξ.
642 2361 782 2425 §.19.

298 2450 340 2488 8.
375 2443 449 2486 De
491 2441 549 2486 iis
587 2459 708 2504 quae
748 2442 915 2487 colono
946 2442 1197 2504 prohibita
1228 2449 1358 2499 sunt,
1421 2449 1469 2489 et
1499 2442 1559 2488 de

169 2520 341 2581 poenis
370 2521 848 2568 contravenientihus
870 2522 1145 2586 irrogandis
1172 2530 1207 2576 9.
1235 2523 1273 2584 §.
1303 2533 1375 2574 18.

305 2611 349 2654 9.
383 2601 460 2644 De
491 2601 682 2646 interna
701 2602 794 2646 loci
827 2602 1209 2649 admisu-atione.

299 2677 567 2724 Urbarium
614 2681 663 2726 in
706 2690 879 2728 natura
923 2689 995 2727 est
1035 2685 1093 2729 ab
1123 2683 1248 2729 insra
1283 2700 1461 2748 magno
1493 2688 1554 2731 A.

172 2759 445 2823 signatum,
491 2760 541 2805 in
569 2762 892 2825 aequivalenti
918 2771 1082 2811 autem
1112 2765 1370 2813 urbarium
1399 2772 1467 2811 est
1493 2764 1558 2812 ab
