1669 3189
918 45 939 68 N

575 153 970 209 -2-5792-0.

1 248 5 275 ³
60 261 183 307 hanc
202 292 216 317 ,
243 258 437 304 filatura
458 258 508 303 in
537 263 788 319 posterum
813 273 914 301 non
939 259 1212 317 competet:
1251 254 1288 299 si
1322 268 1440 300 vere

58 343 307 387 filaturam
353 338 704 402 praeelegerit,
768 338 887 382 haec
922 337 1054 399 juxta
1080 337 1442 399 praescriptum

58 421 246 466 urbarii
279 436 305 464 a
337 418 656 482 proportione
699 417 975 481 capacitatis
1015 417 1280 463 sessionum
1307 434 1447 480 prae-

59 502 278 547 stabitur.

187 582 258 625 Ne
284 586 447 624 tamen
473 580 784 625 contribuens
814 578 951 639 plebs
979 579 1336 633 damnificetur,
1371 576 1451 621 do-

59 661 183 706 mini
198 667 456 705 terrestres
471 662 670 705 canabes
696 659 948 720 linumque
974 675 1072 703 non
1102 664 1351 718 corrupta,
1369 662 1451 700 aut

59 741 276 798 madida,
305 756 474 786 verum
500 741 559 783 ad
579 737 799 783 nendum
827 744 936 800 apta
954 745 1003 782 et
1024 738 1216 793 idonea,
1258 738 1448 799 hocque

4 822 7 826 ’
61 823 161 868 fine
192 821 392 885 praevie
415 819 541 864 bene
565 819 798 864 exsiccata
817 850 832 875 .,
869 825 918 863 et
951 826 1217 880 expurgata
1240 830 1330 879 pro
1346 834 1456 879 per-

60 903 267 948 ficienda
298 915 388 962 per
423 901 616 946 colonos
643 900 841 944 filatura
870 905 1133 961 praestent.

189 983 243 1027 In
265 979 380 1026 locis
414 980 624 1042 denique
656 979 770 1035 illis,
797 980 846 1024 in
874 980 1046 1041 quihus
1070 994 1199 1023 nona
1223 976 1273 1021 in
1299 976 1460 1039 aequi-

64 1061 247 1107 valenti
279 1061 440 1105 locum
471 1059 740 1111 obtinebit,
777 1076 891 1105 cum
920 1060 973 1104 in
1005 1059 1099 1104 hoc
1132 1054 1458 1119 aequivalenti

66 1142 165 1204 jam
202 1142 353 1186 etiam
391 1157 521 1187 nona
561 1158 617 1187 ex
642 1142 822 1186 canabe
861 1147 909 1186 et
943 1141 1045 1187 lino
1082 1141 1261 1185 inclusa
1292 1137 1464 1182 habea-

64 1231 143 1268 tur
167 1257 180 1280 ,
218 1223 436 1284 adeoque
464 1222 842 1284 praestationem
880 1220 1026 1282 hujus
1060 1220 1137 1264 vel
1166 1220 1217 1264 in
1249 1215 1467 1282 *pecunia

67 1304 142 1349 vel
183 1303 234 1347 in
283 1301 489 1355 robottis
528 1301 839 1364 ingrediatur
873 1333 886 1357 ,
932 1301 1124 1346 filatura
1180 1298 1261 1343 hic
1300 1299 1466 1342 locum

73 1400 169 1428 non
210 1383 444 1436 habebit,
482 1369 616 1427 secus
654 1398 865 1442 namque
899 1382 986 1426 sub
1029 1396 1157 1437 un0,
1195 1380 1465 1440 eodemque

67 1465 210 1510 titulo
248 1464 450 1507 canabes
480 1471 526 1507 et
558 1463 716 1507 linum
737 1469 906 1507 contra
929 1478 1130 1516 omnem
1158 1460 1459 1523 aequitatem

72 1544 323 1607 duplicem
355 1543 731 1605 praestationem
779 1558 891 1587 cum
925 1558 1075 1587 onere
1122 1540 1469 1586 contribuentis

70 1626 230 1688 plebis
265 1624 426 1669 subire
450 1623 702 1669 deberent.

207 1705 246 1764 §.
284 1716 328 1751 5.
366 1702 571 1747 Decima
597 1702 656 1744 ab
686 1702 780 1746 illis
820 1701 1130 1746 solummodo
1168 1716 1341 1744 rerum
1369 1715 1472 1759 spe-

77 1785 258 1842 ciebus,
286 1799 409 1846 quae
452 1788 541 1826 art.
584 1793 622 1828 1.
665 1788 799 1830 1481.
833 1781 1317 1842 comprehenduntur
1341 1811 1356 1835 ,
1390 1779 1469 1822 de-

74 1873 361 1912 summatur.

205 1950 268 1992 Ut
304 1952 405 1990 tam
449 1942 637 1989 domini
677 1947 958 1994 terrestres,
1013 1937 1385 1999 eorundemque
1411 1938 1477 1982 os-

82 2027 264 2072 ficiales
281 2059 295 2082 ,
346 2042 398 2070 ac
446 2026 594 2069 etiam
621 2021 800 2066 subditi
826 2020 888 2066 ad
919 2019 1252 2081 praecavenda
1278 2018 1473 2079 quaevis

80 2106 417 2169 subterfugia,
480 2102 950 2162 antevertendosque
1009 2115 1224 2145 excessus
1289 2099 1476 2160 species

84 2188 212 2244 illas,
247 2202 370 2249 quae
394 2186 443 2229 in
475 2185 618 2229 citato
643 2190 729 2227 art.
770 2194 808 2228 1.
842 2187 977 2229 1481.
1010 2178 1359 2233 nominantur,
1388 2179 1478 2221 cla-

82 2284 137 2312 re
165 2275 213 2311 et
237 2268 420 2311 diserte
451 2266 573 2310 scire
602 2265 808 2317 valeant,
830 2261 1015 2322 species
1043 2258 1245 2303 eaedem
1277 2264 1386 2302 sunt
1411 2272 1480 2302 se-

88 2354 316 2408 quentes,
366 2353 565 2407 utpote:
614 2346 811 2398 vinum,
848 2341 1057 2404 agnelli,
1095 2354 1236 2399 apes,
1271 2353 1477 2399 purum,

87 2435 169 2471 aut
186 2426 377 2489 siligine
410 2428 618 2488 mixtum
649 2422 887 2477 triticum,
922 2418 1152 2473 millium,
1190 2416 1346 2479 siligo,
1375 2418 1484 2462 hor-

89 2509 253 2564 deum,
294 2513 340 2552 et
368 2521 545 2563 avena,
583 2504 774 2548 decima
800 2500 1011 2564 sagopiri
1031 2532 1044 2555 ,
1080 2496 1254 2549 (tritici
1287 2497 1482 2546 turcici)

88 2588 381 2650 simpliciter
425 2588 491 2633 ita
529 2589 818 2649 abrogatur,
865 2592 918 2629 ut
968 2582 1231 2645 nequidem
1279 2578 1332 2622 in
1375 2593 1485 2622 con-

91 2668 324 2727 tractibus
388 2669 671 2712 modalitate
715 2665 1031 2711 urbarialiter
1083 2660 1384 2726 praescripta
1418 2655 1487 2701 in-

96 2749 268 2795 eundis
290 2748 551 2794 inserenda
575 2747 881 2792 admittatur.
1189 2726 1201 2739 ο

1066 2825 1234 2870 002
