<?xml version="1.0" encoding="UTF-8"?>
<!DOCTYPE html PUBLIC "-//W3C//DTD XHTML 1.0 Transitional//EN"
    "http://www.w3.org/TR/xhtml1/DTD/xhtml1-transitional.dtd">
<html xmlns="http://www.w3.org/1999/xhtml" xml:lang="en" lang="en">
 <head>
  <title>
</title>
<meta http-equiv="Content-Type" content="text/html;charset=utf-8" />
  <meta name='ocr-system' content='tesseract 3.04.00' />
  <meta name='ocr-capabilities' content='ocr_page ocr_carea ocr_par ocr_line ocrx_word'/>
</head>
<body>
  <div class='ocr_page' id='page_1' title='image "./constitutioreiur02paul_0206.png"; bbox 0 0 1669 3189; ppageno 0'>
   <div class='ocr_carea' id='block_1_1' title="bbox 678 172 1038 239">
    <p class='ocr_par' dir='ltr' id='par_1_1' title="bbox 678 172 1038 239">
     <span class='ocr_line' id='line_1_1' title="bbox 678 172 1038 239; baseline 0.006 -25"><span class='ocrx_word' id='word_1_1' title='bbox 678 195 766 239; x_wconf 49' lang='lat' dir='ltr'>gm-</span> <span class='ocrx_word' id='word_1_2' title='bbox 826 172 910 216; x_wconf 79' lang='lat'>536</span> <span class='ocrx_word' id='word_1_3' title='bbox 969 194 1038 208; x_wconf 70' lang='lat' dir='ltr'>-w</span> 
     </span>
    </p>
   </div>
   <div class='ocr_carea' id='block_1_2' title="bbox 170 276 1569 1369">
    <p class='ocr_par' dir='ltr' id='par_1_2' title="bbox 173 276 1561 426">
     <span class='ocr_line' id='line_1_2' title="bbox 174 276 1561 330; baseline -0.001 0"><span class='ocrx_word' id='word_1_4' title='bbox 174 284 306 330; x_wconf 74' lang='lat' dir='ltr'>tione</span> <span class='ocrx_word' id='word_1_5' title='bbox 337 282 558 327; x_wconf 86' lang='lat' dir='ltr'>omnium</span> <span class='ocrx_word' id='word_1_6' title='bbox 588 276 916 322; x_wconf 83' lang='lat' dir='ltr'>urbarialium</span> <span class='ocrx_word' id='word_1_7' title='bbox 962 293 1212 323; x_wconf 90' lang='lat' dir='ltr'>causarum</span> <span class='ocrx_word' id='word_1_8' title='bbox 1247 279 1404 326; x_wconf 80' lang='lat' dir='ltr'>ubivis</span> <span class='ocrx_word' id='word_1_9' title='bbox 1438 298 1561 329; x_wconf 90' lang='lat' dir='ltr'>sem-</span> 
     </span>
     <span class='ocr_line' id='line_1_3' title="bbox 173 356 809 426; baseline -0.009 -18"><span class='ocrx_word' id='word_1_10' title='bbox 173 380 262 426; x_wconf 81' lang='lat' dir='ltr'>per</span> <span class='ocrx_word' id='word_1_11' title='bbox 288 364 558 408; x_wconf 80' lang='lat' dir='ltr'>luculenter</span> <span class='ocrx_word' id='word_1_12' title='bbox 591 356 809 418; x_wconf 73' lang='lat' dir='ltr'><strong>patescit.</strong></span> 
     </span>
    </p>

    <p class='ocr_par' dir='ltr' id='par_1_3' title="bbox 170 436 1569 1369">
     <span class='ocr_line' id='line_1_4' title="bbox 300 436 1560 502; baseline 0.002 -18"><span class='ocrx_word' id='word_1_13' title='bbox 300 446 352 487; x_wconf 90' lang='lat' dir='ltr'>In</span> <span class='ocrx_word' id='word_1_14' title='bbox 377 440 705 499; x_wconf 70' lang='lat' dir='ltr'>reliquorum</span> <span class='ocrx_word' id='word_1_15' title='bbox 730 438 976 483; x_wconf 71' lang='lat' dir='ltr'>occasione</span> <span class='ocrx_word' id='word_1_16' title='bbox 999 436 1259 483; x_wconf 80' lang='lat' dir='ltr'>revisionis</span> <span class='ocrx_word' id='word_1_17' title='bbox 1286 456 1560 502; x_wconf 82' lang='lat' dir='ltr'>processua-</span> 
     </span>
     <span class='ocr_line' id='line_1_5' title="bbox 172 519 1560 580; baseline -0.001 -12"><span class='ocrx_word' id='word_1_18' title='bbox 172 524 311 576; x_wconf 84' lang='lat' dir='ltr'>lium,</span> <span class='ocrx_word' id='word_1_19' title='bbox 378 519 685 580; x_wconf 85' lang='lat' dir='ltr'>aliorumque</span> <span class='ocrx_word' id='word_1_20' title='bbox 744 525 962 563; x_wconf 88' lang='lat' dir='ltr'>actorum</span> <span class='ocrx_word' id='word_1_21' title='bbox 1017 520 1263 564; x_wconf 87' lang='lat' dir='ltr'>slavonico</span> <span class='ocrx_word' id='word_1_22' title='bbox 1328 521 1560 566; x_wconf 76' lang='lat' dir='ltr'>idiomate</span> 
     </span>
     <span class='ocr_line' id='line_1_6' title="bbox 173 599 1563 656; baseline -0.001 -10"><span class='ocrx_word' id='word_1_23' title='bbox 173 601 511 646; x_wconf 84' lang='lat' dir='ltr'>confectorum</span> <span class='ocrx_word' id='word_1_24' title='bbox 550 599 766 644; x_wconf 79' lang='lat' dir='ltr'>dubietas</span> <span class='ocrx_word' id='word_1_25' title='bbox 815 607 1126 656; x_wconf 84' lang='lat' dir='ltr'>occurreret,</span> <span class='ocrx_word' id='word_1_26' title='bbox 1191 616 1252 644; x_wconf 88' lang='lat' dir='ltr'>an</span> <span class='ocrx_word' id='word_1_27' title='bbox 1304 602 1456 646; x_wconf 84' lang='lat' dir='ltr'>relate</span> <span class='ocrx_word' id='word_1_28' title='bbox 1499 601 1563 645; x_wconf 85' lang='lat' dir='ltr'>ad</span> 
     </span>
     <span class='ocr_line' id='line_1_7' title="bbox 170 679 1562 742; baseline -0.001 -14"><span class='ocrx_word' id='word_1_29' title='bbox 170 684 455 737; x_wconf 75' lang='lat' dir='ltr'>dialectum,</span> <span class='ocrx_word' id='word_1_30' title='bbox 505 688 552 725; x_wconf 85' lang='lat' dir='ltr'>et</span> <span class='ocrx_word' id='word_1_31' title='bbox 591 696 730 725; x_wconf 82' lang='lat' dir='ltr'>usum</span> <span class='ocrx_word' id='word_1_32' title='bbox 757 679 993 742; x_wconf 81' lang='lat' dir='ltr'>loquendi</span> <span class='ocrx_word' id='word_1_33' title='bbox 1019 680 1069 725; x_wconf 85' lang='lat' dir='ltr'>in</span> <span class='ocrx_word' id='word_1_34' title='bbox 1105 682 1339 726; x_wconf 83' lang='lat' dir='ltr'>comitatu</span> <span class='ocrx_word' id='word_1_35' title='bbox 1370 680 1462 726; x_wconf 79' lang='lat' dir='ltr'>hoc</span> <span class='ocrx_word' id='word_1_36' title='bbox 1486 681 1562 726; x_wconf 85' lang='lat' dir='ltr'>vel</span> 
     </span>
     <span class='ocr_line' id='line_1_8' title="bbox 171 762 1567 824; baseline 0.002 -18"><span class='ocrx_word' id='word_1_37' title='bbox 171 763 256 806; x_wconf 90' lang='lat' dir='ltr'>illo</span> <span class='ocrx_word' id='word_1_38' title='bbox 292 762 555 824; x_wconf 81' lang='lat' dir='ltr'>vigentem,</span> <span class='ocrx_word' id='word_1_39' title='bbox 598 778 714 807; x_wconf 74' lang='lat' dir='ltr'>vera</span> <span class='ocrx_word' id='word_1_40' title='bbox 748 762 1086 824; x_wconf 76' lang='lat' dir='ltr'>interpretatio</span> <span class='ocrx_word' id='word_1_41' title='bbox 1115 779 1286 808; x_wconf 89' lang='lat' dir='ltr'>eorum</span> <span class='ocrx_word' id='word_1_42' title='bbox 1314 762 1365 808; x_wconf 87' lang='lat' dir='ltr'>in</span> <span class='ocrx_word' id='word_1_43' title='bbox 1388 763 1567 809; x_wconf 84' lang='lat' dir='ltr'>reviso-</span> 
     </span>
     <span class='ocr_line' id='line_1_9' title="bbox 170 841 1560 905; baseline 0.002 -18"><span class='ocrx_word' id='word_1_44' title='bbox 170 843 255 888; x_wconf 85' lang='lat' dir='ltr'>riis</span> <span class='ocrx_word' id='word_1_45' title='bbox 284 842 402 887; x_wconf 82' lang='lat' dir='ltr'>soris</span> <span class='ocrx_word' id='word_1_46' title='bbox 441 842 752 899; x_wconf 70' lang='lat' dir='ltr'>obtineatur,</span> <span class='ocrx_word' id='word_1_47' title='bbox 811 841 927 887; x_wconf 88' lang='lat' dir='ltr'>ideo</span> <span class='ocrx_word' id='word_1_48' title='bbox 962 845 1203 889; x_wconf 83' lang='lat' dir='ltr'>universis</span> <span class='ocrx_word' id='word_1_49' title='bbox 1247 844 1560 905; x_wconf 85' lang='lat' dir='ltr'>comitatibus</span> 
     </span>
     <span class='ocr_line' id='line_1_10' title="bbox 173 922 1563 985; baseline 0.004 -19"><span class='ocrx_word' id='word_1_50' title='bbox 173 922 253 967; x_wconf 86' lang='lat' dir='ltr'>die</span> <span class='ocrx_word' id='word_1_51' title='bbox 285 933 361 971; x_wconf 80' lang='lat'>28.</span> <span class='ocrx_word' id='word_1_52' title='bbox 383 922 487 982; x_wconf 84' lang='lat' dir='ltr'>juni</span> <span class='ocrx_word' id='word_1_53' title='bbox 523 931 688 977; x_wconf 52' lang='lat'>1785,</span> <span class='ocrx_word' id='word_1_54' title='bbox 739 928 784 964; x_wconf 85' lang='lat' dir='ltr'>et</span> <span class='ocrx_word' id='word_1_55' title='bbox 816 923 875 966; x_wconf 79' lang='lat' dir='ltr'>ab</span> <span class='ocrx_word' id='word_1_56' title='bbox 908 939 963 967; x_wconf 91' lang='lat' dir='ltr'>eo</span> <span class='ocrx_word' id='word_1_57' title='bbox 998 930 1223 985; x_wconf 86' lang='lat' dir='ltr'>tempore</span> <span class='ocrx_word' id='word_1_58' title='bbox 1249 924 1437 971; x_wconf 77' lang='lat' dir='ltr'>iteratis</span> <span class='ocrx_word' id='word_1_59' title='bbox 1462 923 1563 985; x_wconf 85' lang='lat' dir='ltr'>jam</span> 
     </span>
     <span class='ocr_line' id='line_1_11' title="bbox 172 1000 1565 1062; baseline 0.003 -16"><span class='ocrx_word' id='word_1_60' title='bbox 172 1003 354 1048; x_wconf 76' lang='lat' dir='ltr'>vicibus</span> <span class='ocrx_word' id='word_1_61' title='bbox 388 1000 673 1047; x_wconf 84' lang='lat' dir='ltr'>intimatum</span> <span class='ocrx_word' id='word_1_62' title='bbox 705 1006 802 1055; x_wconf 80' lang='lat' dir='ltr'>est,</span> <span class='ocrx_word' id='word_1_63' title='bbox 838 1008 891 1044; x_wconf 89' lang='lat' dir='ltr'>ut</span> <span class='ocrx_word' id='word_1_64' title='bbox 916 1001 1157 1062; x_wconf 85' lang='lat' dir='ltr'>ejusmodi</span> <span class='ocrx_word' id='word_1_65' title='bbox 1185 1004 1476 1050; x_wconf 88' lang='lat' dir='ltr'>documenta</span> <span class='ocrx_word' id='word_1_66' title='bbox 1512 1022 1565 1051; x_wconf 86' lang='lat' dir='ltr'>ac</span> 
     </span>
     <span class='ocr_line' id='line_1_12' title="bbox 171 1081 1565 1146; baseline 0.001 -19"><span class='ocrx_word' id='word_1_67' title='bbox 171 1083 465 1146; x_wconf 80' lang='lat' dir='ltr'>praesertim</span> <span class='ocrx_word' id='word_1_68' title='bbox 496 1099 617 1145; x_wconf 77' lang='lat' dir='ltr'>quae</span> <span class='ocrx_word' id='word_1_69' title='bbox 649 1081 908 1128; x_wconf 75' lang='lat' dir='ltr'>essentiam</span> <span class='ocrx_word' id='word_1_70' title='bbox 942 1082 1044 1139; x_wconf 87' lang='lat' dir='ltr'>rei,</span> <span class='ocrx_word' id='word_1_71' title='bbox 1087 1099 1140 1126; x_wconf 81' lang='lat' dir='ltr'>ac</span> <span class='ocrx_word' id='word_1_72' title='bbox 1164 1083 1434 1143; x_wconf 81' lang='lat' dir='ltr'>probarum</span> <span class='ocrx_word' id='word_1_73' title='bbox 1455 1102 1565 1130; x_wconf 90' lang='lat' dir='ltr'>eon-</span> 
     </span>
     <span class='ocr_line' id='line_1_13' title="bbox 175 1162 1565 1225; baseline 0 -17"><span class='ocrx_word' id='word_1_74' title='bbox 175 1163 410 1219; x_wconf 81' lang='lat' dir='ltr'>stituunt,</span> <span class='ocrx_word' id='word_1_75' title='bbox 459 1164 508 1206; x_wconf 90' lang='lat' dir='ltr'>in</span> <span class='ocrx_word' id='word_1_76' title='bbox 535 1162 684 1208; x_wconf 73' lang='lat' dir='ltr'>latina</span> <span class='ocrx_word' id='word_1_77' title='bbox 711 1177 903 1225; x_wconf 83' lang='lat' dir='ltr'>quoque</span> <span class='ocrx_word' id='word_1_78' title='bbox 929 1162 1314 1219; x_wconf 83' lang='lat' dir='ltr'>transversione,</span> <span class='ocrx_word' id='word_1_79' title='bbox 1366 1181 1455 1225; x_wconf 88' lang='lat' dir='ltr'>per</span> <span class='ocrx_word' id='word_1_80' title='bbox 1488 1181 1565 1209; x_wconf 84' lang='lat' dir='ltr'>co-</span> 
     </span>
     <span class='ocr_line' id='line_1_14' title="bbox 173 1243 1569 1307; baseline 0.004 -21"><span class='ocrx_word' id='word_1_81' title='bbox 173 1243 368 1287; x_wconf 76' lang='lat' dir='ltr'>mitatus</span> <span class='ocrx_word' id='word_1_82' title='bbox 390 1243 636 1290; x_wconf 82' lang='lat' dir='ltr'>notarium</span> <span class='ocrx_word' id='word_1_83' title='bbox 668 1260 761 1307; x_wconf 81' lang='lat' dir='ltr'>qua</span> <span class='ocrx_word' id='word_1_84' title='bbox 789 1243 1001 1306; x_wconf 80' lang='lat' dir='ltr'>genuina</span> <span class='ocrx_word' id='word_1_85' title='bbox 1027 1244 1437 1306; x_wconf 81' lang='lat' dir='ltr'>recognoscenda,</span> <span class='ocrx_word' id='word_1_86' title='bbox 1464 1245 1569 1291; x_wconf 86' lang='lat' dir='ltr'>suh-</span> 
     </span>
     <span class='ocr_line' id='line_1_15' title="bbox 170 1323 1446 1369; baseline 0.002 -1"><span class='ocrx_word' id='word_1_87' title='bbox 170 1323 444 1369; x_wconf 80' lang='lat' dir='ltr'>mittantur.</span> <span class='ocrx_word' id='word_1_88' title='bbox 1444 1331 1446 1334; x_wconf 76' lang='grc'><strong>’</strong></span> 
     </span>
    </p>
   </div>
   <div class='ocr_carea' id='block_1_3' title="bbox 436 1446 1306 1597">
    <p class='ocr_par' dir='ltr' id='par_1_4' title="bbox 436 1446 1306 1597">
     <span class='ocr_line' id='line_1_16' title="bbox 748 1446 977 1483; baseline 0.004 -3"><span class='ocrx_word' id='word_1_89' title='bbox 748 1447 866 1483; x_wconf 77' lang='lat' dir='ltr'><em>ART.</em></span> <span class='ocrx_word' id='word_1_90' title='bbox 916 1446 977 1481; x_wconf 85' lang='lat' dir='ltr'>VI.</span> 
     </span>
     <span class='ocr_line' id='line_1_17' title="bbox 436 1539 1306 1597; baseline -0.003 -14"><span class='ocrx_word' id='word_1_91' title='bbox 436 1542 519 1583; x_wconf 82' lang='lat' dir='ltr'>De</span> <span class='ocrx_word' id='word_1_92' title='bbox 558 1540 936 1584; x_wconf 76' lang='lat' dir='ltr'>zzrbarialibzzs</span> <span class='ocrx_word' id='word_1_93' title='bbox 969 1539 1306 1597; x_wconf 69' lang='lat' dir='ltr'>protocollis.</span> 
     </span>
    </p>
   </div>
   <div class='ocr_carea' id='block_1_4' title="bbox 172 1641 1568 2829">
    <p class='ocr_par' dir='ltr' id='par_1_5' title="bbox 172 1641 1568 2829">
     <span class='ocr_line' id='line_1_18' title="bbox 304 1641 1567 1706; baseline -0.002 -18"><span class='ocrx_word' id='word_1_94' title='bbox 304 1645 392 1688; x_wconf 69' lang='lat' dir='ltr'>Sora</span> <span class='ocrx_word' id='word_1_95' title='bbox 423 1644 650 1705; x_wconf 63' lang='lat' dir='ltr'>B‘Iajestas</span> <span class='ocrx_word' id='word_1_96' title='bbox 686 1645 1007 1691; x_wconf 85' lang='lat' dir='ltr'>sacratissima</span> <span class='ocrx_word' id='word_1_97' title='bbox 1049 1646 1334 1706; x_wconf 82' lang='lat' dir='ltr'>praecipere</span> <span class='ocrx_word' id='word_1_98' title='bbox 1373 1641 1567 1703; x_wconf 81' lang='lat' dir='ltr'>dignata</span> 
     </span>
     <span class='ocr_line' id='line_1_19' title="bbox 176 1721 1565 1785; baseline -0.001 -18"><span class='ocrx_word' id='word_1_99' title='bbox 176 1729 264 1778; x_wconf 82' lang='lat' dir='ltr'>est,</span> <span class='ocrx_word' id='word_1_100' title='bbox 299 1730 349 1766; x_wconf 89' lang='lat' dir='ltr'>ut</span> <span class='ocrx_word' id='word_1_101' title='bbox 379 1723 430 1765; x_wconf 88' lang='lat' dir='ltr'>in</span> <span class='ocrx_word' id='word_1_102' title='bbox 457 1723 658 1785; x_wconf 81' lang='lat' dir='ltr'>singulis</span> <span class='ocrx_word' id='word_1_103' title='bbox 684 1724 989 1769; x_wconf 73' lang='lat' dir='ltr'>comitatibus</span> <span class='ocrx_word' id='word_1_104' title='bbox 1009 1723 1291 1767; x_wconf 77' lang='lat' dir='ltr'>distinctum</span> <span class='ocrx_word' id='word_1_105' title='bbox 1317 1721 1565 1770; x_wconf 81' lang='lat' dir='ltr'>urbariale</span> 
     </span>
     <span class='ocr_line' id='line_1_20' title="bbox 173 1800 1567 1863; baseline 0.004 -20"><span class='ocrx_word' id='word_1_106' title='bbox 173 1803 495 1862; x_wconf 85' lang='lat' dir='ltr'>protocollum</span> <span class='ocrx_word' id='word_1_107' title='bbox 525 1802 757 1856; x_wconf 81' lang='lat' dir='ltr'>ducatur,</span> <span class='ocrx_word' id='word_1_108' title='bbox 809 1801 1000 1863; x_wconf 79' lang='lat' dir='ltr'>singulo</span> <span class='ocrx_word' id='word_1_109' title='bbox 1035 1800 1257 1845; x_wconf 84' lang='lat' dir='ltr'>semestri</span> <span class='ocrx_word' id='word_1_110' title='bbox 1285 1803 1567 1851; x_wconf 86' lang='lat' dir='ltr'>(nonnullae</span> 
     </span>
     <span class='ocr_line' id='line_1_21' title="bbox 172 1878 1568 1940; baseline 0.003 -16"><span class='ocrx_word' id='word_1_111' title='bbox 172 1878 527 1940; x_wconf 80' lang='lat' dir='ltr'>jurisdictiones</span> <span class='ocrx_word' id='word_1_112' title='bbox 568 1881 930 1926; x_wconf 79' lang='lat' dir='ltr'>trimestraliter</span> <span class='ocrx_word' id='word_1_113' title='bbox 969 1880 1227 1932; x_wconf 88' lang='lat' dir='ltr'>adornant)</span> <span class='ocrx_word' id='word_1_114' title='bbox 1255 1882 1465 1927; x_wconf 89' lang='lat' dir='ltr'>Consilio</span> <span class='ocrx_word' id='word_1_115' title='bbox 1493 1899 1568 1928; x_wconf 84' lang='lat' dir='ltr'>re-</span> 
     </span>
     <span class='ocr_line' id='line_1_22' title="bbox 173 1960 1567 2024; baseline 0.001 -20"><span class='ocrx_word' id='word_1_116' title='bbox 173 1961 256 2024; x_wconf 75' lang='lat' dir='ltr'>gio</span> <span class='ocrx_word' id='word_1_117' title='bbox 280 1960 696 2005; x_wconf 85' lang='lat' dir='ltr'>locumtenentiali</span> <span class='ocrx_word' id='word_1_118' title='bbox 737 1960 1153 2017; x_wconf 83' lang='lat' dir='ltr'>submittendum,</span> <span class='ocrx_word' id='word_1_119' title='bbox 1202 1978 1259 2005; x_wconf 89' lang='lat' dir='ltr'>ex</span> <span class='ocrx_word' id='word_1_120' title='bbox 1298 1979 1390 2024; x_wconf 86' lang='lat' dir='ltr'>quo</span> <span class='ocrx_word' id='word_1_121' title='bbox 1423 1979 1567 2024; x_wconf 88' lang='lat' dir='ltr'>appa-</span> 
     </span>
     <span class='ocr_line' id='line_1_23' title="bbox 174 2029 1566 2104; baseline 0.003 -20"><span class='ocrx_word' id='word_1_122' title='bbox 174 2049 310 2098; x_wconf 84' lang='lat' dir='ltr'>reat,</span> <span class='ocrx_word' id='word_1_123' title='bbox 345 2058 461 2086; x_wconf 86' lang='lat' dir='ltr'>num</span> <span class='ocrx_word' id='word_1_124' title='bbox 498 2040 834 2104; x_wconf 76' lang='lat' dir='ltr'>querimoniae</span> <span class='ocrx_word' id='word_1_125' title='bbox 863 2041 1053 2103; x_wconf 80' lang='lat' dir='ltr'>quando</span> <span class='ocrx_word' id='word_1_126' title='bbox 1078 2029 1353 2099; x_wconf 72' lang='lat' dir='ltr'>exhibitae,</span> <span class='ocrx_word' id='word_1_127' title='bbox 1385 2059 1566 2088; x_wconf 86' lang='lat' dir='ltr'>assum-</span> 
     </span>
     <span class='ocr_line' id='line_1_24' title="bbox 175 2122 1566 2185; baseline 0.001 -19"><span class='ocrx_word' id='word_1_128' title='bbox 175 2129 286 2185; x_wconf 86' lang='lat' dir='ltr'>ptae</span> <span class='ocrx_word' id='word_1_129' title='bbox 305 2156 319 2179; x_wconf 88' lang='lat'>,</span> <span class='ocrx_word' id='word_1_130' title='bbox 357 2123 659 2184; x_wconf 81' lang='lat' dir='ltr'>qualiterque</span> <span class='ocrx_word' id='word_1_131' title='bbox 689 2130 946 2184; x_wconf 84' lang='lat' dir='ltr'>superatae</span> <span class='ocrx_word' id='word_1_132' title='bbox 971 2124 1087 2178; x_wconf 80' lang='lat' dir='ltr'>sint,</span> <span class='ocrx_word' id='word_1_133' title='bbox 1141 2129 1223 2165; x_wconf 89' lang='lat' dir='ltr'>aut</span> <span class='ocrx_word' id='word_1_134' title='bbox 1255 2122 1353 2167; x_wconf 89' lang='lat' dir='ltr'>sors</span> <span class='ocrx_word' id='word_1_135' title='bbox 1388 2139 1480 2185; x_wconf 84' lang='lat' dir='ltr'>qua</span> <span class='ocrx_word' id='word_1_136' title='bbox 1505 2122 1566 2168; x_wconf 83' lang='lat' dir='ltr'>de</span> 
     </span>
     <span class='ocr_line' id='line_1_25' title="bbox 177 2195 1564 2263; baseline 0 -14"><span class='ocrx_word' id='word_1_137' title='bbox 177 2217 321 2249; x_wconf 80' lang='lat' dir='ltr'>causa</span> <span class='ocrx_word' id='word_1_138' title='bbox 360 2203 606 2248; x_wconf 83' lang='lat' dir='ltr'>indecisae</span> <span class='ocrx_word' id='word_1_139' title='bbox 638 2204 900 2259; x_wconf 79' lang='lat' dir='ltr'>haereant,</span> <span class='ocrx_word' id='word_1_140' title='bbox 949 2195 1133 2263; x_wconf 78' lang='lat' dir='ltr'>judices</span> <span class='ocrx_word' id='word_1_141' title='bbox 1169 2220 1285 2248; x_wconf 86' lang='lat' dir='ltr'>vero</span> <span class='ocrx_word' id='word_1_142' title='bbox 1321 2203 1564 2249; x_wconf 86' lang='lat' dir='ltr'>nobilium</span> 
     </span>
     <span class='ocr_line' id='line_1_26' title="bbox 177 2283 1566 2346; baseline 0 -17"><span class='ocrx_word' id='word_1_143' title='bbox 177 2284 426 2329; x_wconf 86' lang='lat' dir='ltr'>occasione</span> <span class='ocrx_word' id='word_1_144' title='bbox 460 2284 850 2346; x_wconf 83' lang='lat' dir='ltr'>frequentiorum</span> <span class='ocrx_word' id='word_1_145' title='bbox 882 2283 1222 2329; x_wconf 80' lang='lat' dir='ltr'>visitationum</span> <span class='ocrx_word' id='word_1_146' title='bbox 1259 2284 1336 2329; x_wconf 91' lang='lat' dir='ltr'>sui</span> <span class='ocrx_word' id='word_1_147' title='bbox 1369 2301 1566 2346; x_wconf 88' lang='lat' dir='ltr'>proces-</span> 
     </span>
     <span class='ocr_line' id='line_1_27' title="bbox 180 2363 1563 2428; baseline 0.003 -21"><span class='ocrx_word' id='word_1_148' title='bbox 180 2381 254 2410; x_wconf 79' lang='lat' dir='ltr'>sus</span> <span class='ocrx_word' id='word_1_149' title='bbox 302 2363 626 2427; x_wconf 80' lang='lat' dir='ltr'>investigent,</span> <span class='ocrx_word' id='word_1_150' title='bbox 682 2382 801 2410; x_wconf 86' lang='lat' dir='ltr'>num</span> <span class='ocrx_word' id='word_1_151' title='bbox 842 2365 975 2409; x_wconf 69' lang='lat' dir='ltr'>sedet</span> <span class='ocrx_word' id='word_1_152' title='bbox 1010 2364 1278 2410; x_wconf 88' lang='lat' dir='ltr'>dominales</span> <span class='ocrx_word' id='word_1_153' title='bbox 1318 2373 1406 2417; x_wconf 88' lang='grc'>(-</span> <span class='ocrx_word' id='word_1_154' title='bbox 1442 2381 1563 2428; x_wconf 83' lang='lat' dir='ltr'>quae</span> 
     </span>
     <span class='ocr_line' id='line_1_28' title="bbox 177 2443 1564 2508; baseline 0.004 -23"><span class='ocrx_word' id='word_1_155' title='bbox 177 2443 231 2486; x_wconf 81' lang='lat' dir='ltr'>in</span> <span class='ocrx_word' id='word_1_156' title='bbox 256 2446 522 2506; x_wconf 85' lang='lat' dir='ltr'>majoribus</span> <span class='ocrx_word' id='word_1_157' title='bbox 552 2445 779 2491; x_wconf 82' lang='lat' dir='ltr'>dominiis</span> <span class='ocrx_word' id='word_1_158' title='bbox 813 2446 978 2507; x_wconf 78' lang='lat' dir='ltr'>quovis</span> <span class='ocrx_word' id='word_1_159' title='bbox 1005 2446 1123 2490; x_wconf 88' lang='lat' dir='ltr'>anni</span> <span class='ocrx_word' id='word_1_160' title='bbox 1166 2447 1458 2508; x_wconf 85' lang='lat' dir='ltr'>quadrante,</span> <span class='ocrx_word' id='word_1_161' title='bbox 1509 2447 1564 2492; x_wconf 84' lang='lat' dir='ltr'>in</span> 
     </span>
     <span class='ocr_line' id='line_1_29' title="bbox 179 2523 1565 2587; baseline 0.002 -20"><span class='ocrx_word' id='word_1_162' title='bbox 179 2523 448 2571; x_wconf 80' lang='lat' dir='ltr'>minoribus</span> <span class='ocrx_word' id='word_1_163' title='bbox 479 2527 629 2571; x_wconf 85' lang='lat' dir='ltr'>semel</span> <span class='ocrx_word' id='word_1_164' title='bbox 661 2527 722 2570; x_wconf 82' lang='lat' dir='ltr'>ad</span> <span class='ocrx_word' id='word_1_165' title='bbox 748 2525 994 2570; x_wconf 70' lang='lat' dir='ltr'>mininum</span> <span class='ocrx_word' id='word_1_166' title='bbox 1022 2524 1072 2568; x_wconf 88' lang='lat' dir='ltr'>in</span> <span class='ocrx_word' id='word_1_167' title='bbox 1114 2541 1240 2569; x_wconf 88' lang='lat' dir='ltr'>anno</span> <span class='ocrx_word' id='word_1_168' title='bbox 1264 2524 1463 2587; x_wconf 86' lang='lat' dir='ltr'>praevie</span> <span class='ocrx_word' id='word_1_169' title='bbox 1499 2531 1565 2570; x_wconf 82' lang='lat' dir='ltr'>ta·-</span> 
     </span>
     <span class='ocr_line' id='line_1_30' title="bbox 179 2605 1563 2668; baseline 0.001 -22"><span class='ocrx_word' id='word_1_170' title='bbox 179 2619 298 2647; x_wconf 83' lang='lat' dir='ltr'>men</span> <span class='ocrx_word' id='word_1_171' title='bbox 325 2605 524 2650; x_wconf 84' lang='lat' dir='ltr'>subditis</span> <span class='ocrx_word' id='word_1_172' title='bbox 560 2606 880 2668; x_wconf 81' lang='lat' dir='ltr'>publicandae</span> <span class='ocrx_word' id='word_1_173' title='bbox 918 2605 1157 2650; x_wconf 83' lang='lat' dir='ltr'>celebrari</span> <span class='ocrx_word' id='word_1_174' title='bbox 1185 2606 1367 2661; x_wconf 86' lang='lat' dir='ltr'>solent,</span> <span class='ocrx_word' id='word_1_175' title='bbox 1415 2620 1563 2666; x_wconf 88' lang='lat' dir='ltr'>opere</span> 
     </span>
     <span class='ocr_line' id='line_1_31' title="bbox 181 2682 1565 2736; baseline 0.002 -11"><span class='ocrx_word' id='word_1_176' title='bbox 181 2682 308 2727; x_wconf 82' lang='lat' dir='ltr'>sedis</span> <span class='ocrx_word' id='word_1_177' title='bbox 346 2683 598 2730; x_wconf 70' lang='lat' dir='ltr'>dominalis</span> <span class='ocrx_word' id='word_1_178' title='bbox 646 2687 704 2732; x_wconf 90' lang='lat' dir='ltr'>ad</span> <span class='ocrx_word' id='word_1_179' title='bbox 747 2686 1033 2732; x_wconf 89' lang='lat' dir='ltr'>comitatum</span> <span class='ocrx_word' id='word_1_180' title='bbox 1076 2684 1361 2736; x_wconf 80' lang='lat' dir='ltr'>referendo)</span> <span class='ocrx_word' id='word_1_181' title='bbox 1399 2684 1565 2729; x_wconf 83' lang='lat' dir='ltr'>debito</span> 
     </span>
     <span class='ocr_line' id='line_1_32' title="bbox 181 2763 1563 2829; baseline 0.002 -22"><span class='ocrx_word' id='word_1_182' title='bbox 181 2770 407 2826; x_wconf 85' lang='lat' dir='ltr'>tempore</span> <span class='ocrx_word' id='word_1_183' title='bbox 450 2766 788 2825; x_wconf 82' lang='lat' dir='ltr'>celebrentur,</span> <span class='ocrx_word' id='word_1_184' title='bbox 851 2775 899 2814; x_wconf 89' lang='lat' dir='ltr'>et</span> <span class='ocrx_word' id='word_1_185' title='bbox 935 2765 1157 2815; x_wconf 86' lang='lat' dir='ltr'>dominia</span> <span class='ocrx_word' id='word_1_186' title='bbox 1192 2763 1563 2829; x_wconf 82' lang='lat' dir='ltr'>querulantibus</span> 
     </span>
    </p>
   </div>
  </div>
 </body>
</html>
