1669 3189
676 177 745 188 w·-
801 151 886 200 418
944 172 1014 184 ...-

754 247 876 281 ART.
921 246 961 281 V:

193 337 274 382 De
316 331 639 379 dimensione
670 325 1005 386 geometrica
1043 326 1518 372 constitutivarum

653 392 1050 437 sessionalinm.

296 534 333 566 1.
386 504 709 560 Instructione
754 513 989 559 urbariali
1021 529 1113 576 pro
1156 511 1450 558 comissariis
1478 529 1555 559 re-

160 604 248 667 giis
277 600 315 658 ᾗ.
355 604 428 645 54.
458 593 765 658 praecipitur
792 594 1181 656 disponendum,
1217 611 1279 641 ne
1327 595 1452 640 ullus
1475 595 1557 648 do,

160 683 411 727 minorum
446 675 757 720 terrestrium
793 691 884 737 per
920 675 1099 730 alium,
1152 692 1206 720 ac
1250 674 1333 737 qui
1371 675 1555 721 idcirco

156 763 207 806 in
254 756 376 803 facie
419 756 675 800 comitatus
720 754 969 817 adjuratus
1014 754 1191 811 fuerit,
1239 764 1550 817 geometram

154 837 479 884 dimensiones
524 843 775 880 terrarum
840 834 1177 880 sessionalium
1228 836 1338 880 fieri
1378 843 1554 892 curet,

154 922 239 966 sed
266 927 313 963 et
347 918 455 962 talis
483 923 764 979 geometrae
797 913 1040 960 dimensio
1071 933 1169 961 non
1203 916 1341 978 prius
1384 918 1552 961 locum

155 1001 407 1052 obtineat,
449 1013 594 1059 quam
626 996 712 1040 ubi
737 1011 882 1056 super
925 1011 983 1038 ea
1014 995 1277 1041 terminata
1318 995 1557 1042 universi-

152 1083 239 1126 tati
276 1079 526 1124 comitatus
572 1076 742 1120 relatio
782 1075 932 1131 facta,
979 1075 1250 1137 eademque
1287 1076 1553 1122 successive
1606 1073 1611 1077 ⁴

149 1177 242 1222 per
274 1157 592 1204 exmittendos
637 1155 1028 1217 magistratuales
1077 1155 1404 1200 authenticat&
1454 1154 1558 1203 fue..

150 1241 228 1282 rit.
266 1239 559 1281 Geometrae
582 1249 697 1278 vero
729 1233 980 1278 occasione
1017 1233 1335 1279 dimensionis
1363 1234 1559 1296 qualita-

148 1326 251 1361 tem
275 1316 446 1378 glebae
469 1331 527 1360 ex
552 1314 963 1358 executionalibus
989 1330 1156 1359 secum
1190 1313 1554 1359 communican-

151 1398 226 1442 dis
247 1397 340 1440 rite
364 1396 689 1448 observantes,
709 1392 879 1456 jugera
904 1408 930 1435 a
948 1403 1085 1439 1100.
1104 1404 1227 1441 1200
1245 1395 1321 1438 vel
1337 1394 1552 1454 denique

153 1489 275 1525 1300
304 1473 549 1538 quadratis
599 1471 749 1535 orgiis
805 1479 1122 1528 mensurent,
1182 1488 1236 1516 ac
1277 1473 1456 1519 reflexe
1489 1472 1551 1518 ad

147 1565 495 1623 praeattactam
528 1555 697 1616 glebae
726 1553 1011 1613 qualitatem
1033 1586 1046 1610 ,
1095 1569 1242 1615 super
1284 1553 1553 1598 terminato

148 1656 298 1701 opere
322 1637 553 1698 scriptam
589 1634 882 1678 relationem
901 1635 1265 1696 adpromptent.
1298 1633 1553 1697 Siquidem

150 1736 268 1766 vero
293 1717 578 1779 qualitatem
610 1714 779 1776 glebae
810 1713 1131 1759 conformiter
1176 1714 1223 1760 b.
1259 1712 1549 1758 intentioni-

150 1802 241 1846 bus
279 1797 428 1860 regiis
471 1793 699 1839 decidere
731 1795 1017 1857 neutiquam
1054 1810 1112 1838 ex
1162 1791 1391 1855 subjectis
1429 1809 1543 1856 geo-

148 1879 475 1925 metricarum
500 1875 844 1937 operationum
861 1882 1013 1930 esset,
1049 1874 1164 1920 hinc
1193 1881 1246 1919 ut
1278 1872 1553 1918 memorati.

149 1964 431 2022 geometrae
454 1963 586 2001 tanto
623 1954 798 2000 certius
845 1954 897 2000 id
928 1961 1175 2016 praestare
1199 1954 1416 2016 possint,
1446 1969 1554 1997 con-

148 2040 412 2100 scriptores
439 2036 688 2082 occasione
710 2035 1078 2097 conscriptionis
1102 2034 1260 2098 quoad
1304 2033 1552 2095 singulum

154 2119 384 2162 colonum
435 2115 723 2177 qualitatem
767 2113 935 2176 glebae
987 2114 1227 2161 succincte
1283 2113 1512 2159 adnotent
1535 2145 1549 2169 ,

157 2197 243 2240 sed
268 2203 315 2239 et
341 2195 391 2239 in
406 2194 694 2239 fassionibus
712 2193 772 2239 ad
800 2206 826 2250 9
847 2201 1147 2257 punctorum
1177 2194 1402 2239 examina
1419 2226 1433 2249 ,
1468 2208 1554 2237 no-

154 2283 318 2321 tanter
354 2281 536 2337 puncto
567 2282 609 2322 5.
638 2275 976 2336 exprimatur,
1024 2275 1077 2319 in
1132 2281 1311 2337 quanta
1351 2272 1550 2317 circiter.

151 2363 291 2417 parte
336 2356 430 2400 loci
476 2355 786 2401 territorium
821 2355 1054 2411 fertilius,
1088 2356 1164 2399 vel
1214 2345 1425 2409 sterilius
1451 2352 1558 2415 ιξιίτίῑὶἶ*

154 2452 246 2496 quo
280 2437 391 2492 fiet,
429 2443 482 2480 ut
509 2443 772 2498 exequente
814 2435 1175 2499 magistratuale
1213 2436 1266 2480 in
1315 2434 1552 2501 relatione

155 2531 242 2557 sua
279 2515 600 2561 executionali
620 2549 634 2572 ,
671 2516 837 2562 habita
867 2515 926 2560 ad
958 2515 1247 2579 qualitatem
1279 2507 1450 2580 glebae
1477 2533 1551 2562 re-

154 2594 364 2639 flexione
384 2628 396 2649 ,
433 2613 696 2641 numerum
726 2595 982 2659 orgi-arum
1015 2598 1066 2642 in
1098 2595 1282 2660 jugeris
1319 2584 1553 2643 sessiona-

155 2674 281 2717 libus
310 2675 723 2722 observandarum
750 2675 959 2739 positive
991 2694 1016 2722 a
1049 2688 1184 2724 1100.
1220 2676 1296 2723 vel
1341 2688 1461 2724 1200
1476 2677 1549 2722 vel

157 2751 369 2816 denique
406 2765 541 2803 1300.
569 2755 818 2816 quadratis
843 2756 992 2820 orgiis
1009 2757 1287 2820 exprimere
1315 2763 1549 2818 queunte,
