1669 3189
633 172 703 184 ω.
764 149 841 207 392
905 171 976 183 ...a

86 257 385 322 sylvanalem
412 256 489 301 vel
530 263 768 301 convento
801 254 967 317 pretio
1019 269 1046 298 a
1088 249 1298 296 dominis
1338 257 1488 296 terre.

96 339 276 384 strihus
306 335 487 382 subditi
516 336 785 398 accipiant,
830 323 1051 379 ceterum
1103 331 1162 376 ab
1217 344 1372 375 onere
1423 348 1488 376 se-

95 418 263 464 ctionis
292 425 336 463 et
365 416 657 462 devectionis
690 416 941 477 lignorum
971 415 1229 458 immunes.

225 511 267 555 9.
311 499 453 562 Quod
479 498 531 542 in
567 496 778 541 urhariis
809 496 1089 556 hungaricis
1132 492 1284 556 spatia
1324 508 1443 538 vacu
1460 509 1484 537 a

94 580 211 624 hinc
236 586 285 624 et
309 580 424 623 inde
460 576 632 620 relicta
662 575 783 631 sint,
822 590 946 636 quae
973 591 1064 636 pro
1102 576 1291 619 ratione
1318 580 1491 618 tractam

93 660 251 704 menti
279 658 572 702 colonorum
616 657 805 700 calamo
839 655 1124 717 exequentis
1160 655 1494 717 magistratua-

92 741 151 785 lis
179 738 429 801 suppleri,
465 745 511 783 et
534 737 706 800 quihus
742 735 910 799 spatiis
949 738 1219 798 respective
1261 736 1321 780 ad
1363 748 1491 779 com-

94 821 400 882 plementum
457 835 619 865 sensus
665 818 929 863 inserenda
974 817 1151 873 inseri,
1199 824 1246 862 et
1289 815 1493 861 inscribi

99 901 307 957 dehent,
351 899 403 944 in
425 897 626 942 urbario
664 904 825 943 autem
862 896 1084 940 banatico
1130 895 1266 940 nulla
1301 894 1494 941 idmodi

99 979 253 1041 spatia
285 977 675 1039 conspiciantur,
711 982 1035 1021 tractamento
1071 976 1359 1021 colonorum
1395 975 1498 1037 jux-

96 1064 145 1103 ta
171 1059 459 1120 adoptatum
503 1065 714 1119 systema
754 1056 1052 1119 generaliter
1089 1057 1277 1101 ibidem
1321 1056 1497 1101 defixo.

232 1150 308 1186 10.
360 1137 705 1183 Abaestimatio
746 1137 1014 1182 sessionum
1055 1137 1397 1182 colonicalium
1447 1137 1501 1180 in

100 1235 212 1262 casu
225 1218 343 1280 legis
372 1217 421 1261 in
443 1217 852 1279 Hungariahabet
878 1217 1067 1272 locum3
1090 1234 1114 1261 e
1140 1225 1310 1262 contra
1329 1218 1498 1283 vigore

98 1297 289 1342 urb-arii
314 1294 528 1339 banatici
555 1311 656 1354 cap.
694 1296 729 1338 Ι.
765 1301 801 1345 ζ),
841 1307 885 1342 2.
919 1295 1179 1340 dominalis
1221 1295 1498 1356 jurisdictio

101 1376 412 1421 constitutiva
444 1373 725 1418 sessionalia
746 1372 1102 1417 abaestimandi
1132 1383 1179 1418 et
1210 1377 1272 1420 ad
1302 1394 1351 1421 se
1376 1378 1501 1422 reci-

100 1453 276 1519 piendi
315 1454 389 1515 jus
415 1470 514 1497 non
538 1452 702 1496 habet.
739 1452 798 1495 Et
828 1451 982 1495 isthoc
1013 1452 1215 1498 unicum
1249 1457 1402 1500 relate
1439 1455 1502 1499 ad

100 1534 460 1599 proprietatem
508 1532 783 1577 fundorum
833 1533 1180 1578 coloniealium
1234 1534 1505 1581 discrimen

101 1622 204 1672 est,
239 1613 372 1675 cujus
401 1615 452 1658 in
478 1613 671 1675 reliquo
718 1613 1036 1674 proprietatis
1079 1614 1304 1659 eminens
1353 1615 1507 1660 domi-

101 1698 214 1743 nale
243 1695 318 1758 jus
354 1701 455 1738 tam
488 1693 541 1737 in
564 1693 836 1755 hungarico
864 1726 877 1749 ,
916 1710 1061 1755 quam
1093 1694 1243 1738 etiam
1278 1694 1507 1740 hanatico

106 1776 306 1823 urbario
365 1774 586 1819 dominia
636 1772 935 1819 terrestralia
977 1776 1208 1836 respicit3
1256 1783 1505 1820 caractere

108 1858 284 1902 eodem
312 1871 556 1917 peraeque
616 1853 665 1899 in
706 1854 897 1899 Austria
930 1855 1117 1912 defixo,
1153 1855 1238 1900 uhi
1282 1857 1335 1901 in
1378 1873 1507 1902 reco-

107 1938 381 2001 gnitionem
404 1934 548 1996 hujus
572 1934 829 1980 eminentis
851 1935 973 1997 juris
1005 1952 1171 1982 census
1202 1954 1395 1999 quoque
1432 1954 1507 1982 co-

106 2016 325 2064 lonicalis
358 2016 559 2060 nomine
589 2016 820 2078 terragii,
854 2017 1023 2061 locum
1052 2015 1252 2062 obtinet.
1308 2018 1384 2061 De
1425 2032 1509 2060 na-

110 2106 221 2144 tura
246 2104 292 2142 et
316 2096 477 2141 indole
503 2095 766 2141 fundorum
799 2097 1053 2142 colonicali
1082 2096 1421 2141 sessionalium
1453 2096 1505 2139 in

114 2178 365 2241 Hungaria
385 2209 398 2234 ,
434 2177 544 2223 vide
563 2185 609 2223 et
637 2178 830 2222 consule
860 2178 956 2223 Int
971 2194 995 2220 r
1010 2194 1036 2222 o
1054 2177 1084 2221 d
1099 2194 1132 2221 u
1147 2176 1271 2221 ctio
1293 2193 1359 2221 ne
1378 2192 1443 2222 m.

698 2297 820 2333 ΛΒΤ.
868 2298 941 2332 IV.

114 2380 197 2423 De
215 2377 441 2442 objectis
467 2378 883 2435 inscriptionum
902 2408 914 2430 ‚
942 2393 1075 2436 quas
1107 2379 1164 2422 in
1191 2377 1387 2436 spatiis
1415 2390 1500 2421 ur-

337 2445 615 2488 barim-um
644 2446 831 2488 vacuis
866 2445 1037 2487 inseri
1072 2449 1306 2502 oportet.

244 2555 479 2612 Urbaria,
517 2573 635 2618 quae
663 2556 925 2618 unicuique
948 2557 1169 2602 locorum
1197 2572 1289 2618 pro
1328 2570 1505 2601 norm&

119 2636 368 2683 extradari
409 2635 578 2683 ‘solent
593 2669 606 2695 ,
695 2646 802 2683 sunt
849 2639 1109 2700 impressa,
1170 2638 1252 2699 ‘ita
1310 2643 1507 2694 tamen,

117 2726 172 2765 ut
243 2720 425 2767 multae
498 2718 553 2764 in
620 2717 831 2784 iisdem}
870 2720 1163 2777 vacuitates,
1243 2737 1330 2768 seu
1404 2735 1506 2784 spa-
