1669 3189
779 123 1117 168 m626m

254 256 371 287 num
421 235 639 284 facienda
676 238 759 279 est.
853 234 889 279 A
930 231 1076 277 terris
1117 237 1283 277 autem
1329 231 1637 296 extirpatitiis

252 328 360 383 post
387 318 596 377 expletos
620 319 719 357 tres
742 311 981 358 libertatis
1005 327 1152 357 annos
1169 343 1183 367 ,
1219 311 1463 375 pendetur
1487 312 1640 358 domi.

248 417 312 446 no
348 395 576 443 terrestri
614 393 803 439 decima
843 391 1041 455 frugum
1076 392 1129 436 in
1162 392 1228 438 eis
1267 397 1636 453 procreatarum

247 481 299 524 in
344 474 592 522 stramine.
690 473 756 518 Ab
802 472 945 517 unius
995 478 1157 516 autem
1200 468 1442 516 falcatoris
1495 478 1636 532 prato

247 554 550 617 extirpatitio
572 568 732 598 annue
758 552 832 597 xri
859 563 932 600 15.
959 557 1008 596 et
1036 551 1243 597 totidem
1273 550 1423 598 etiam
1448 549 1507 596 ab
1540 565 1637 595 uno

243 637 418 699 jugero
455 638 794 696 prunetorum.

698 765 806 807 Jzzs
841 767 1171 807 montanum.

375 881 418 918 5.
454 872 536 915 Jus
576 874 865 913 montanum
893 886 920 912 a
947 867 1098 912 vineis
1137 869 1264 925 illis,
1315 885 1440 931 quae
1466 872 1636 918 consti-

243 950 455 995 tutivum
486 946 749 994 sessionum
776 948 1020 1011 ingressae
1049 963 1146 991 non
1165 947 1363 993 suerunt
1374 981 1389 1003 ‚
1433 950 1635 996 domino

242 1030 469 1076 terrestri
496 1027 755 1089 competit,
791 1027 859 1072 ita
887 1027 1237 1083 nihilominus,
1283 1035 1336 1071 ut
1363 1043 1389 1072 a
1421 1030 1635 1089 qualibet

240 1117 497 1172 procreata
522 1124 647 1153 urna
670 1109 837 1164 musti,
873 1124 971 1152 una
1000 1105 1192 1152 nonnisi
1223 1108 1360 1169 pinta
1383 1108 1636 1169 posonien-

241 1190 304 1235 sis
332 1204 620 1244 mensurae,
657 1193 706 1231 et
730 1203 825 1233 non
849 1187 957 1249 plus
986 1186 1337 1232 desummatur.

241 1319 581 1364 Eclczcillatz'o
605 1322 723 1365 vini
746 1324 796 1363 et
827 1321 1055 1365 cremati
1079 1318 1288 1365 colon‘is
1314 1314 1632 1378 competens,

369 1431 413 1476 6.
448 1427 739 1472 Educillatio
777 1427 1117 1472 communitati
1150 1426 1423 1471 rusticanae
1451 1441 1477 1471 a
1506 1427 1625 1473 festo

238 1507 280 1551 S.
318 1507 573 1552 Michaelis
609 1522 760 1568 usque
798 1505 980 1551 festum
1030 1508 1074 1551 S.
1113 1506 1315 1567 Georgii
1359 1506 1517 1550 libera
1549 1507 1631 1564 sit,

235 1587 367 1632 intra
394 1587 526 1648 quod
546 1593 732 1647 tempus
756 1587 978 1631 dominus
1001 1584 1250 1631 terrestris
1274 1585 1424 1630 etiam
1447 1587 1629 1632 educil-

235 1665 342 1710 lum
369 1682 511 1709 suum
533 1665 732 1725 quidem
769 1678 999 1708 exercere
1037 1664 1218 1723 possit,
1266 1680 1293 1707 a
1315 1661 1439 1707 sesto
1464 1672 1629 1712 tamen

235 1744 279 1788 S.
325 1742 521 1804 Georgii
565 1758 719 1803 usque
763 1741 936 1786 festum
987 1741 1033 1787 S.
1071 1741 1328 1787 Michaelis
1376 1743 1630 1791 dominum

233 1823 453 1886 praecise
479 1829 769 1866 terrestrem
798 1822 1074 1878 concernit,
1125 1822 1255 1868 intra
1279 1822 1411 1885 quod
1439 1829 1630 1885 tempus

238 1902 397 1948 coloni
446 1902 708 1948 educillare
762 1902 964 1964 quidem
1000 1918 1098 1946 non
1149 1903 1307 1947 ausint
1347 1904 1437 1948 suh
1466 1919 1628 1966 poena

238 1982 593 2028 confiscationis
625 1982 749 2040 vini,
801 1988 882 2027 aut
926 1980 1129 2026 cremati
1166 1982 1379 2028 educillo
1402 1983 1625 2046 expositi,

238 2063 459 2109 Vasatim
493 2063 759 2108 nilominus
800 2069 1104 2119 crematum,
1150 2061 1247 2108 sive
1276 2063 1463 2110 rakiam
1489 2072 1537 2110 et
1562 2066 1626 2111 vi-

234 2159 356 2188 num
396 2144 608 2189 vendere
623 2166 642 2201 ,·
676 2143 923 2206 pendente
954 2141 1103 2187 etiam
1147 2141 1357 2189 educillo
1391 2143 1628 2191 dominari

235 2221 305 2266 eis
331 2223 598 2268 admissum
622 2222 696 2270 sit.
1491 2280 1495 2283 ι

365 2304 517 2348 Porro
546 2304 769 2350 dominus
793 2305 1035 2351 terrestris
1057 2304 1323 2352 educillum
1348 2319 1489 2351 suum
1506 2319 1624 2369 erga

236 2379 509 2428 ineundam
550 2385 922 2431 conventionem
968 2385 1175 2441 colonis,
1231 2385 1307 2429 vel
1343 2385 1489 2430 etiam
1531 2385 1628 2430 cui-

240 2476 429 2523 cunque
454 2463 596 2508 alteri
619 2464 670 2508 in
703 2465 932 2509 arentiam
964 2465 1154 2509 elocare
1190 2471 1372 2526 potest,
1431 2465 1559 2527 quod
1585 2466 1624 2510 si

240 2556 356 2584 vero
386 2543 642 2589 dominalis
671 2544 769 2589 vini
791 2544 1070 2590 educillatio
1088 2543 1222 2605 juxta
1253 2545 1433 2589 seriem
1461 2545 1626 2590 domo-

237 2634 354 2663 rum
398 2622 576 2668 colonis
615 2623 914 2685 imponitur,
961 2624 1079 2669 haec
1122 2639 1293 2669 norma
1327 2623 1626 2669 observanda

241 2700 364 2756 erit,
403 2708 455 2745 ut
482 2701 533 2745 in
566 2702 725 2748 dando
758 2704 944 2767 singulo
973 2720 1098 2767 pago
1133 2704 1296 2752 libello
1329 2703 1625 2753 inscribatur
