1669 3189
709 226 780 239 ....
834 204 920 255 482
977 226 1049 238 m.

190 327 353 367 autem
383 319 549 365 etloco
574 312 764 360 sedriae
789 311 1065 374 praefixum
1087 308 1142 357 in
1160 312 1312 359 finem
1332 315 1578 362 celebran-

190 399 284 443 dae
309 406 409 442 tam
433 393 526 456 ipsi
571 397 913 437 concernentes
954 383 1157 439 domini*
1183 398 1433 442 terrestres
1453 429 1466 452 ,
1502 397 1600 450 vel,

186 478 264 523 his
300 471 578 522 absentibus
599 471 869 517 eorundem
900 472 1200 529 administri,
1236 489 1380 535 quam
1418 483 1465 520 et
1511 477 1586 520 lo-

190 571 360 601 corum
388 550 784 609 communitates,
820 552 994 614 quibus
1019 553 1162 598 fiscus
1200 553 1579 616 magistratualis

188 635 409 681 assistere
432 631 745 695 obligabitur.
768 632 968 696 praevie
993 633 1307 681 edoceantur.
1332 633 1472 680 Instr.
1510 649 1589 679 co-

187 714 321 759 miss.
350 711 605 777 regiorum
634 712 674 773 §.
702 716 777 761 26.
806 713 867 757 ad
897 731 944 775 p.
971 724 1016 761 3.

800 841 925 876 ART.
961 842 1019 877 ΙΙ.

182 934 270 980 De
300 933 806 994 praeexistentibus
839 934 1213 978 contractibus
1233 964 1248 989 ,
1278 934 1559 992 urbanis,

436 1005 490 1044 et
507 999 827 1059 privilegiis
852 1014 962 1043 non
986 998 1342 1059 abrogandc‘s.

316 1113 388 1157 Ne
414 1126 508 1173 per
537 1111 900 1174 regulationem
933 1104 1247 1154 urbariale'm'
1275 1112 1586 1169 normalem,

186 1208 272 1238 seu
297 1192 559 1254 privilegia
582 1194 828 1248 locorum,
866 1208 952 1237 seu
980 1191 1198 1236 universi
1228 1198 1501 1237 contr-actus
1537 1199 1587 1237 et

181 1270 384 1315 urbaria
411 1272 502 1317 rite
527 1271 745 1318 confecta
764 1273 909 1335 plene
946 1288 1043 1334 ‘pro
1067 1271 1317 1335 abrogatis
1347 1278 1395 1317 et
1437 1272 1592 1318 subla-

185 1351 250 1397 tis
281 1353 455 1399 haberi
486 1352 827 1398 existimentur
848 1385 862 1410 ,
899 1359 1130 1414 respectu
1148 1353 1329 1396 horum
1355 1351 1591 1398 hsta-tui-

181 1438 294 1489 tur,
330 1439 385 1478 ut
409 1434 449 1478 si
473 1448 596 1495 quae
626 1433 760 1489 loca,
796 1432 872 1478 vel
904 1432 1278 1478 comm-unitates
1306 1441 1461 1477 semet
1481 1434 1581 1494 pri-

179 1512 371 1576 vilegiis
392 1512 608 1575 provisas
646 1513 1063 1574 praetenderent,
1107 1519 1159 1557 ct
1200 1510 1251 1557 in
1288 1512 1469 1558 horum
1500 1529 1592 1557 usu

182 1593 421 1637 hactenus
453 1591 897 1653 praeexstitissent,
933 1590 985 1636 si'
1000 1592 1121 1637 item
1167 1592 1379 1637 urbaria'
1409 1593 1460 1637 in
1510 1593 1594 1638 ali-

186 1672 360 1736 quibus
378 1671 494 1716 locis
510 1673 602 1718 rite
626 1672 914 1735 aclegitime
940 1671 1157 1717 confecta
1174 1673 1583 1729 intercessissent,

186 1760 271 1799 aut
304 1759 575 1798 contractus
609 1753 860 1798 occasione
882 1750 1323 1813 impopulationis,
1353 1752 1434 1797 vel
1466 1767 1586 1796 vero

185 1848 297 1878 cum
319 1832 505 1878 liberae
531 1831 839 1896 migrationis
889 1831 1174 1878 hominibus
1212 1831 1323 1877 initi
1363 1847 1464 1877 esse
1509 1832 1591 1878 ob·
1638 1855 1642 1862 ³

193 1921 532 1969 servarentur,
567 1919 731 1957 attunc
764 1910 1053 1972 hujusmodi
1074 1912 1359 1975 privilegia,
1403 1917 1591 1957 contra-

189 2001 310 2050 ctus,
342 2000 390 2038 et
441 1985 888 2056 urba.ria{pi·imum
934 1993 1135 2056 quidem
1176 1992 1228 2037 in
1268 1991 1427 2037 sedi-ia
1464 1990 1592 2038 rese-

188 2082 391 2130 rantur,
427 2079 475 2119 et
501 2072 664 2135 siper
697 2073 906 2119 eandem
934 2089 1026 2136 pro
1055 2072 1223 2119 validis
1262 2080 1310 2118 et
1344 2073 1585 2136 vigoros-is

184 2152 526 2210 habebuntur,
570 2153 769 2198 tandem
811 2154 890 2199 via
926 2152 1127 2199 Consilii
1175 2151 1303 2215 regii
1349 2154 1585 2199 locumte-

188 2234 420 2279 nentialis
443 2251 537 2296 pro
573 2251 802 2297 suprema
831 2234 1135 2296 inspectione
1173 2249 1289 2279 suae
1333 2233 1580 2294 Majestati

189 2315 538 2360 sacratissimae
587 2322 1039 2377 repraesententur.
1095 2315 1235 2359 Instr.
1283 2312 1588 2374 comissario-

190 2410 304 2439 rum
330 2395 522 2458 regium
548 2395 586 2456 §
612 2399 692 2444 26.
719 2397 780 2440 acl
808 2403 1049 2458 punctum
1083 2407 1122 2443 1.

322 2476 443 2520 Cum
474 2483 743 2521 contractus
776 2475 1110 2520 communitati
1150 2474 1416 2520 extraditus
1452 2473 1587 2538 juxta

191 2550 238 2595 b.
267 2556 511 2600 normales
541 2555 908 2620 dispositioneS,
942 2557 1078 2603 velut
1118 2556 1290 2602 stabile
1327 2573 1420 2619 pro
1457 2554 1584 2601 futu-
1617 2617 1620 2620 Ι

190 2648 248 2675 ro
288 2634 570 2680 colonorum
624 2644 1007 2684 tractamentum
1068 2638 1366 2684 constituens
1414 2636 1582 2682 altissi-

190 2728 323 2758 mam
357 2715 651 2763 revisionem
684 2719 991 2779 pertransire
1023 2718 1229 2776 debeat,
1267 2716 1607 2763 continuatus·

192 2791 244 2837 in
278 2791 624 2842 conformitate
650 2797 870 2859 ejusdem
897 2799 1120 2861 plurium
1147 2798 1295 2844 etiam
1339 2811 1583 2844 annorum
