1669 3189
607 196 676 207 ma
733 174 818 217 523
876 196 959 222 m,

85 285 216 330 tione
261 282 740 330 circumstantiarum
780 282 1081 345 promeritae
1133 298 1328 344 quoque
1372 299 1485 346 poe-

84 381 173 412 nae
199 363 608 409 irremissibiliter
637 362 961 408 subiiciendos
989 363 1113 408 fore.

217 447 375 508 Quam
434 445 645 507 proinde
693 443 960 505 benignam
1005 441 1355 488 resolutionem
1409 460 1485 488 rc-

83 524 212 588 giam
282 525 547 571 Consilium
601 526 748 569 hocce
776 522 993 585 *regium
1055 524 1254 569 locumt.
1307 525 1484 585 praeti-

83 605 247 650 tulatis
277 606 692 652 dominationibus
725 602 897 648 vestris
925 605 985 648 de
1010 604 1220 665 positivo
1258 604 1485 649 altissimo

80 684 218 745 jussu
235 702 326 747 pro
351 687 426 730 sui
449 685 747 740 directione,
767 690 814 728 et
834 683 979 728 solita
1004 683 1328 744 publicatione
1352 685 1484 730 hisce

82 774 255 812 notum
279 767 442 812 reddit
467 767 525 811 de
554 766 662 810 dato
689 768 732 812 6.
771 763 984 810 octobris
1020 775 1158 820 1795.
1184 772 1484 815 n1·0.20824.

80 911 452 958 NOTANDUM.
526 912 712 976 Quoad
738 909 1158 973 frequentiores
1199 913 1486 956 communi-

82 985 255 1024 tatum
294 980 678 1037 deputatorum
726 995 842 1023 cum
885 978 1195 1022 recursibus
1241 978 1486 1037 querulo-

402 1046 476 1088 sis
505 1043 773 1090 Viennam
800 1045 1165 1089 esc-missiones.

217 1158 322 1201 Non
349 1156 654 1201 obstantibus
681 1155 869 1201 iteratis
908 1157 954 1202 b.
996 1155 1380 1203 resolutionibus
1411 1168 1487 1197 re-

38 1250 45 1253 ·’
80 1233 173 1298 giis
193 1267 205 1290 ,
249 1235 509 1280 observare
537 1252 680 1297 saepe
707 1236 802 1294 est,
850 1237 977 1299 quod
1001 1238 1166 1299 plures
1199 1237 1340 1299 regni
1363 1236 1488 1279 loco-

79 1330 225 1370 rum,
262 1323 310 1359 et
358 1315 719 1376 possessionum
769 1317 1180 1372 communitates,
1226 1316 1325 1359 fine
1372 1329 1485 1375 pro-

79 1394 438 1441 movendarum
470 1412 633 1440 coram
661 1395 893 1442 altissimo
916 1404 1059 1442 trono
1092 1398 1228 1460 regio
1267 1394 1487 1457 querela-

82 1490 194 1518 rum
223 1491 450 1531 suarum,
501 1492 652 1536 penes
692 1478 892 1538 praevie
934 1477 1080 1521 factas
1129 1494 1240 1522 cum
1285 1473 1483 1537 agravio

83 1561 131 1598 et
154 1555 467 1600 enervatione
511 1555 929 1601 contribuentium
977 1557 1233 1611 collectas,
1288 1556 1486 1616 deputa-

82 1641 155 1678 tos
176 1635 417 1680 Viennam
444 1635 700 1681 exmittere
726 1637 930 1692 soleant,
967 1634 1152 1681 isthaec
1181 1641 1349 1680 autem
1376 1647 1489 1694 pro-

84 1716 288 1759 cedendi
320 1732 525 1772 norma,
577 1732 699 1777 quae
740 1714 842 1777 jam
895 1713 1141 1776 majorem
1183 1715 1235 1762 in
1273 1714 1486 1776 gradum

84 1794 272 1838 animos
302 1796 591 1839 colonorum
623 1811 769 1839 coeco
800 1795 1011 1857 quodam
1035 1795 1227 1857 impetu
1261 1809 1487 1855 occupas-

81 1890 162 1930 se,
200 1890 253 1917 ac
293 1874 345 1918 in
377 1875 706 1936 perniciosam
747 1876 1153 1920 consuetudinem
1193 1870 1329 1920 abire
1376 1889 1487 1936 per-

82 1956 309 2020 spicitur,
363 1973 478 2001 cum
523 1956 787 2018 principiis
832 1963 993 2001 rectae
1048 1954 1485 2001 administrationis

82 2038 310 2100 publicae
326 2070 339 2093 ,
375 2043 423 2082 et
442 2037 598 2082 defixo
622 2035 862 2081 urbariali
886 2028 1143 2098 systemate
1173 2050 1486 2098 nequaquam

87 2118 374 2175 conveniat,
412 2118 670 2162 sufficienti
699 2118 1025 2174 documento,
1063 2118 1190 2179 quod
1224 2121 1485 2177 provocata

89 2199 279 2261 saepius
299 2199 485 2244 idcirco
514 2200 771 2262 regiminis
807 2199 1006 2244 attentio
1031 2233 1044 2255 ,
1081 2205 1131 2242 et
1146 2205 1352 2259 paterna
1377 2210 1487 2238 suae

85 2280 354 2341 Blajestatis
378 2281 725 2326 sacratissimae
754 2297 869 2344 erga
897 2279 1190 2325 subditelam
1208 2274 1485 2323 sollicitudo

39 2380 42 2381 ⁷
88 2369 307 2423 optatum
337 2378 606 2408 successum
636 2362 908 2424 generatim
932 2377 1028 2406 non
1059 2359 1216 2405 ubivis
1257 2354 1486 2402 obtinuis-

89 2459 139 2488 se
170 2443 503 2505 comperiatur
524 2476 538 2500 ,
574 2444 634 2488 ad
665 2440 1107 2487 constabiliendam
1146 2457 1201 2485 ex
1232 2439 1323 2482 hoc
1358 2437 1483 2480 visus

86 2530 268 2585 puncto
320 2523 646 2568 urbarialium
697 2523 1110 2567 communitatum
1162 2515 1484 2581 tranquillita-

59 2611 217 2659 ¹tem,
263 2603 299 2646 si
343 2603 402 2648 ab
445 2604 738 2650 exmissione
777 2604 1125 2665 deputatorum
1165 2601 1218 2645 in
1258 2600 1483 2645 futurum

89 2683 284 2745 penitus
307 2700 424 2747 prae
435 2684 678 2740 sciderint,
694 2685 813 2729 haec
832 2700 1216 2730 commemorare
1237 2680 1480 2743 expediat.

220 2787 272 2815 a·
307 2766 454 2833 Quod
479 2768 859 2831 praeexistentes
894 2773 1088 2815 eatenus
1117 2764 1375 2814 altissimae
1410 2777 1483 2807 or-
