1669 3189
720 172 788 184 m.
845 149 930 205 57⁶
990 172 1059 185 m.

177 273 272 308 tres
316 262 464 306 etiam
508 259 737 305 sessiones
775 257 1065 303 colonicales
1094 256 1244 306 sundo
1275 274 1470 324 quoque
1499 259 1571 306 in-

176 343 429 388 travillano
471 337 686 400 provisas
727 337 1029 400 possideret,
1064 354 1229 384 casum
1281 340 1333 386 in
1360 357 1472 387 eum
1505 346 1573 384 ta-

174 423 314 469 metsi
356 435 503 466 unam
544 419 699 464 solum
735 419 939 462 domum
979 417 1338 465 inaedificatam
1367 421 1572 476 habeat,

173 505 236 549 ob
278 517 417 546 usum
456 497 676 544 fructum
723 506 883 544 tamen
912 499 1090 544 harum
1116 500 1383 545 sessionum
1423 501 1570 545 intra-

173 586 468 630 villanarum
498 580 703 626 totidem
739 580 953 626 florenos
973 613 986 634 ‚
1023 589 1143 643 quot
1173 581 1402 627 sessiones
1431 582 1575 625 intra-

174 665 374 712 villanas
413 669 577 717 tenet,
625 661 844 722 pendere
888 668 1143 721 teneatur3
1180 662 1218 725 si
1243 679 1268 707 e
1296 667 1465 707 contra
1494 676 1576 722 pe-

178 760 263 790 nes
286 744 450 805 plures
479 740 712 786 sessiones
742 741 1079 787 extravillanas
1117 740 1325 788 fundum
1351 741 1574 788 intravil-
1624 796 1628 803 η

175 826 347 870 lanum
386 820 582 870 nonnisi
624 838 714 882 pro
744 839 841 866 una
870 822 1081 867 sessione
1111 823 1326 868 excisum
1347 823 1576 879 haberet,

178 910 282 949 tum
317 920 418 948 non
448 903 671 947 obstante
694 902 912 962 plurium
939 903 1367 949 extravillanorum
1399 918 1578 965 posses-

176 983 332 1039 sorio,
380 997 534 1026 unum
582 980 815 1025 duntaxat
844 981 1087 1025 florenum
1109 982 1331 1028 dominio
1363 989 1576 1045 praesta-

179 1082 233 1110 re
260 1064 522 1126 obligatur.
764 1050 767 1054 ,

312 1144 351 1204 §.
389 1155 436 1191 2.
474 1141 681 1187 Colonus
724 1139 949 1202 integrae
993 1138 1220 1185 sessionis
1251 1147 1467 1202 praestet
1501 1156 1581 1186 an-

179 1242 277 1271 nue
322 1222 543 1270 dominio
589 1221 747 1283 pullos
789 1232 837 1269 2.
870 1237 1073 1283 capones
1111 1232 1157 1269 2.
1186 1231 1275 1266 o'va
1304 1232 1378 1269 12.
1415 1219 1582 1282 butjri

176 1304 417 1361 mediam,
461 1310 508 1348 et
537 1301 602 1347 sic
632 1319 658 1347 a
681 1301 1002 1364 proportione
1035 1303 1150 1366 1s2,
1189 1302 1275 1367 isli
1296 1308 1342 1346 et
1373 1301 1462 1367 1s8
1490 1316 1583 1346 ses·
1645 1300 1649 1304 ’

185 1386 333 1433 sionis
369 1392 598 1431 tenentur
643 1390 909 1446 praestare.

313 1464 355 1526 §-
395 1477 439 1513 5.
477 1462 645 1508 Coloni
688 1462 909 1525 integrae
943 1461 1166 1509 sessionis
1208 1462 1412 1527 triginta
1442 1475 1583 1523 prae--
1630 1519 1632 1523 ‚

180 1547 373 1592 stabunt
409 1559 566 1591 annue
606 1544 817 1590 vitulum
853 1561 1040 1600 unum,
1074 1545 1148 1590 vel
1172 1545 1317 1606 hujus
1339 1545 1446 1589 loco
1478 1555 1498 1590 1
1531 1542 1580 1586 ss.

183 1637 243 1675 50
278 1627 352 1672 kr.
382 1661 386 1667 .

317 1704 355 1765 ᾗ.
394 1712 437 1758 4.
476 1704 601 1748 Item
639 1704 887 1749 occasione
925 1705 1213 1765 nuptiarum
1262 1701 1452 1747 domini
1508 1700 1585 1747 sui

181 1784 456 1840 terrestris,
506 1784 778 1829 nullatenus
811 1790 972 1828 autem
1019 1781 1161 1844 hujus
1212 1780 1466 1837 filiorum,
1501 1786 1584 1825 aut

180 1866 399 1911 filiarum
430 1896 445 1921 ,
488 1880 586 1909 non
629 1861 922 1908 absimiliter
961 1860 1113 1906 etiam
1137 1867 1361 1922 tempore
1410 1857 1585 1920 primi-

186 1945 372 1990 tiarum
409 1944 647 2007 (exceptis
673 1951 839 1987 tamen
876 1941 1129 2004 capitulis,
1166 1948 1213 1985 et
1238 1938 1582 1988 conventibus)

185 2026 364 2071 debent
396 2026 706 2070 moderatum
732 2022 1007 2087 subsidium
1036 2024 1088 2068 in
1115 2020 1404 2068 victualibus
1428 2019 1583 2065 domi-

143 2127 145 2130 ·
185 2104 564 2167 niovpraestare.

316 2185 355 2245 §.
393 2196 435 2233 5.
462 2182 660 2246 Optioni
686 2182 876 2229 domini
902 2181 1152 2228 terrestris
1178 2179 1497 2243 relinquitur,
1522 2194 1585 2225 an
1608 2215 1610 2217 »

186 2266 336 2311 modo
374 2264 528 2310 satum
569 2264 843 2310 subsidium
884 2265 936 2309 in
982 2262 1297 2319 victualibus,
1355 2260 1434 2307 vel
1460 2259 1617 2324 loco.

187 2346 369 2392 horum
406 2346 465 2390 ab
516 2344 739 2410 integrae
781 2345 1004 2392 sessionis
1058 2345 1228 2390 colono
1277 2337 1586 2406 aequivalens

191 2427 538 2489 pecuniarium
576 2428 629 2472 in
666 2434 726 2477 48
761 2428 862 2484 lm,
917 2434 966 2472 et
1009 2426 1077 2471 sic
1116 2443 1141 2470 a
1179 2422 1498 2487 proportione
1526 2421 1588 2466 ab

192 2506 442 2555 inferioris
473 2509 623 2556 etiam
648 2508 873 2555 sessionis
901 2507 1080 2554 colonis
1103 2506 1362 2570 percipere
1388 2505 1521 2553 velit.

323 2587 360 2646 ς.
396 2590 440 2636 6.
477 2589 602 2636 Item
653 2589 913 2636 dominum
957 2605 1100 2634 suum
1143 2594 1431 2634 terrestrem
1456 2585 1585 2633 bello

195 2673 390 2729 captum
426 2687 451 2716 e
480 2670 761 2735 captivitate
790 2668 1054 2718 tollerabili
1087 2670 1303 2718 subsidio
1337 2667 1586 2716 redimere

196 2754 406 2795 ten-etur.
