1669 3189
602 163 937 204 m··633-0—-

58 271 253 315 trahere
273 305 287 325 ,
325 270 524 315 dumeta
551 286 666 315 vero
694 270 748 313 in
773 270 940 314 medio
979 285 1213 332 agrorum
1246 276 1294 315 et
1327 286 1450 315 cam-

53 366 232 412 porum
270 349 382 395 hine
413 350 528 395 inde
564 349 736 395 relicta
766 352 974 396 evellere
1002 368 1095 413 per
1137 351 1454 413 magistratus

54 433 405 477 comitatenses
440 431 812 492 compellantur.

54 580 221 622 Arma
260 583 312 620 et
351 591 511 620 canes
553 577 830 619 venaticos
862 590 1082 620 servare
1114 576 1322 624 colonis
1367 590 1446 619 ve-

653 642 829 684 titum.

187 760 258 795 11.
305 750 460 794 Nemo
501 747 801 790 rusticorum
836 761 972 791 arma
1009 764 1330 809 quaecunque
1368 763 1448 809 ge-

54 835 201 884 stare,
231 842 469 889 canesque
499 827 738 871 venaticos
768 843 858 888 pro
888 844 935 872 se
973 844 1188 886 servare,
1227 828 1314 873 sub
1339 845 1447 872 eon-

53 910 300 954 fiscatione
336 941 350 964 ,
408 908 645 970 gravique
720 909 1141 956 animadversione
1199 926 1447 971 praesum-

52 996 166 1034 mat.
240 990 297 1034 In
331 989 522 1051 reliquo

60 1135 396 1180 Exactz'ones
452 1136 710 1197 z'llegales
738 1133 1050 1192 'vetantzzr,
1095 1153 1195 1194 pro
1233 1137 1439 1181 robotc's

281 1204 568 1259 praestitis
596 1203 792 1264 sigilla
823 1203 1206 1246 eac-tradentur.

183 1321 258 1357 12.
307 1310 551 1367 Officiales
611 1318 659 1356 et
706 1311 966 1357 servitores
1012 1310 1284 1355 dominales
1329 1325 1443 1372 quo-

48 1405 237 1452 cunque
277 1391 364 1434 sub
410 1397 666 1452 praetextu
706 1392 906 1437 donaria
933 1407 958 1434 a
983 1390 1168 1435 colonis
1207 1391 1438 1452 exigere,

43 1475 367 1530 extorquere,
405 1470 517 1514 illos
543 1472 604 1515 ad
631 1470 822 1515 labores
845 1472 894 1515 in
923 1471 1139 1531 privatas
1164 1486 1272 1513 suas
1307 1483 1448 1529 oeco-x

46 1547 237 1592 nomias
267 1547 597 1610 cujuscunque
629 1548 821 1611 generis
848 1548 1212 1609 “impendendos
1244 1549 1441 1610 adigere

46 1629 132 1674 sub
165 1643 322 1689 poena
349 1628 606 1674 refusionis
636 1629 687 1673 in
709 1628 858 1689 duplo
893 1628 1168 1674 nullatenus
1193 1645 1445 1690 praesum-

46 1714 197 1752 mant.
234 1708 303 1752 Ne
337 1724 449 1751 vero
475 1707 593 1768 ipsis
630 1708 680 1751 in
712 1707 962 1768 exigendis
991 1708 1138 1752 etiam
1174 1725 1323 1770 supra
1358 1727 1444 1754 nu-

44 1803 240 1831 merum
268 1786 473 1832 robottis
509 1785 845 1830 dominalibus
875 1785 1063 1830 occasio
1106 1786 1251 1842 adsit,
1288 1788 1445 1832 dorni-

48 1885 137 1913 nus
178 1867 426 1912 terrestris
467 1884 563 1912 non
592 1873 784 1912 tantum
819 1873 1098 1910 accuratum
1133 1867 1444 1912 robottarum

44 1955 321 2011 regestrum
367 1947 607 2003 servabit,
642 1962 815 1992 verum
844 1946 991 1990 etiam
1017 1947 1204 2008 singula
1234 1949 1445 1993 robotta-

46 2044 160 2073 rum
216 2028 294 2073 die
333 2029 391 2073 ad
447 2043 708 2088 vesperum
742 2043 834 2087 pro
870 2042 1007 2071 more
1046 2027 1258 2090 regionis
1297 2028 1440 2089 hujus

53 2109 267 2172 sigillum
320 2114 483 2152 cartae
526 2107 827 2169 impressum
865 2115 1092 2152 accurate
1130 2108 1263 2165 dari,
1298 2111 1376 2154 vel
1402 2110 1441 2154 si

46 2190 213 2235 media
256 2190 367 2245 die,
394 2189 674 2233 laboratum
714 2187 864 2231 suerit
894 2220 908 2243 ,
955 2187 1180 2233 medium
1223 2190 1439 2251 sigillum

46 2270 286 2331 praestari
341 2270 526 2315 curabit
561 2268 835 2323 laboranti,
872 2275 924 2311 ut
955 2268 1021 2311 ita
1053 2267 1254 2329 expletis
1288 2267 1336 2313 in
1362 2285 1442 2312 ur-

46 2349 187 2394 bario
230 2349 556 2395 denominatis
600 2349 772 2393 diebus
812 2349 1004 2392 colonus
1053 2364 1315 2393 numerum
1349 2348 1441 2392 im-

47 2446 321 2492 pensorum
338 2430 532 2476 dierum
556 2430 695 2485 scire,
732 2437 779 2473 et
815 2445 1002 2475 annuos
1025 2445 1129 2473 suos
1152 2430 1345 2474 labores
1374 2429 1440 2472 le-

43 2511 275 2575 gitimare
307 2514 474 2558 valeat.
530 2511 747 2573 Longius
788 2526 938 2571 porro
971 2527 997 2554 a
1035 2509 1269 2555 dominali
1300 2525 1440 2554 oeco-

45 2593 211 2638 nomia
239 2592 526 2656 degentibus
557 2592 767 2647 colonis,
803 2590 903 2635 dies
930 2590 1154 2634 robottae
1195 2597 1303 2634 ante
1334 2597 1434 2634 tam

46 2690 253 2719 romano
275 2674 539 2719 catholicae
566 2672 795 2718 ecclesiae
817 2705 829 2726 ,
881 2689 1024 2735 quam
1050 2680 1096 2717 et
1120 2671 1281 2735 graeci
1310 2668 1432 2713 ritus

48 2753 189 2800 festos
219 2755 320 2799 dies
350 2753 653 2810 insinuetur,
702 2760 755 2797 ut
796 2753 865 2797 ita
910 2752 1132 2798 adminus
1173 2752 1222 2796 in
1261 2750 1435 2793 adven-

48 2840 101 2879 tu
143 2836 347 2881 rusticus
403 2835 535 2881 diem
574 2833 754 2881 lucrari
799 2832 985 2898 possit,
1031 2841 1079 2880 et
1118 2832 1241 2879 sicut
1282 2844 1429 2876 nemo
