1669 3189
585 174 925 216 *603*-

77 279 205 322 hunc
230 277 399 322 eodem
428 277 506 322 die
536 278 753 323 subditus
778 278 1016 340 perficere
1047 292 1146 321 non
1174 275 1353 338 possit,
1402 275 1467 318 al-

80 364 187 401 tero
211 357 330 402 citra
348 358 731 420 imputationem
760 358 1010 418 complere
1035 356 1224 411 debeat,
1249 353 1465 413 denique

206 440 328 482 Cum
351 454 510 500 poena
529 438 749 484 triduani
770 437 952 482 laboris
974 443 1022 480 et
1039 437 1326 491 baculorum
1344 433 1464 477 adeo

77 515 347 561 liberaliter
387 519 690 580 dispensent,
733 524 788 561 ut
825 516 960 560 nullo
995 531 1165 560 eorum
1205 512 1463 568 demerito,

77 604 225 657 prout
265 595 551 643 officialibus
587 596 913 641 dominalibus
942 596 1130 657 placet,
1181 594 1465 656 puniantur,

79 681 127 719 et
159 674 452 737 affligantur.

208 758 342 819 Quae
367 756 529 801 omnia
564 771 677 798 cum
712 753 932 816 positivis
966 755 1015 799 b.
1048 753 1235 799 urbarii
1269 752 1467 814 disposi-

78 834 288 881 tionibus
316 836 684 879 adversarentur
703 868 716 890 ,
753 852 809 879 ex
838 835 1024 896 hacque
1049 832 1468 879 contribuentium
1529 826 1532 840 ξ

81 918 371 972 afflictione,
426 922 475 960 et
524 916 865 977 persecutione
910 915 1103 960 nonnisi
1143 914 1361 976 ingratae
1401 927 1470 956 se-

77 997 273 1057 quelae,
327 997 571 1057 expectari
615 996 882 1052 deberent,
933 996 1065 1040 hisce
1096 996 1181 1039 sub
1214 1011 1366 1039 onere
1395 1009 1470 1037 re-

73 1074 347 1137 sponsionis
370 1084 417 1119 et
455 1076 613 1120 omnis
645 1076 835 1132 damni,
886 1093 995 1120 cum
1023 1093 1104 1132 eo,
1158 1075 1289 1137 quod
1320 1074 1468 1119 intera

84 1163 183 1212 est,
229 1173 320 1217 pro
357 1155 521 1200 futuro
562 1156 738 1213 etiam,
798 1155 1058 1202 refusionis
1103 1154 1356 1212 intimari3
1422 1159 1470 1197 et

83 1236 299 1297 quidem.

205 1316 371 1361 Relate
429 1317 488 1361 ad
532 1317 823 1361 sufferendas
866 1317 994 1360 circa
1039 1315 1132 1360 itus
1188 1322 1236 1359 et
1279 1313 1466 1358 reditus

73 1396 457 1457 imputationem
512 1397 774 1441 ulteriores
827 1397 1131 1459 quaestiones
1177 1398 1238 1441 D.
1288 1401 1467 1438 vestras

72 1477 131 1521 ad
183 1478 547 1538 praescriptum
586 1479 632 1522 b.
692 1478 881 1521 urbarii
924 1478 1093 1538 puncti
1133 1488 1173 1524 5.
1219 1474 1260 1533 ᾗ.
1302 1485 1348 1520 2.
1393 1473 1468 1516 in-

77 1553 233 1613 viari,
271 1572 369 1600 una
401 1573 516 1601 vero
545 1572 637 1616 pro
662 1557 834 1601 effectu
858 1557 1080 1600 hoece‘in
1110 1555 1151 1614 §.
1185 1559 1467 1605 contentae,

82 1644 130 1682 et
156 1637 214 1682 de
236 1636 563 1699 imputatione
589 1636 828 1698 temporis
852 1636 903 1679 in
929 1634 1055 1679 itum
1082 1641 1130 1678 et
1158 1633 1375 1677 reditum
1401 1631 1474 1675 in-

79 1725 157 1761 ter
181 1718 437 1762 dominum
460 1724 778 1771 terrestrem,
818 1723 865 1760 et
887 1716 1135 1760 subditum
1164 1713 1373 1775 qualiter
1402 1729 1473 1757 ac-

78 1797 316 1858 ceptanda
340 1797 552 1841 sonantis
593 1795 945 1857 dispositionis,
995 1795 1224 1840 tabellam
1259 1808 1474 1855 quoque,

85 1894 208 1939 quae
238 1877 288 1921 in
327 1876 466 1939 regni
492 1875 773 1938 Hungariae
810 1874 1033 1935 pluribus
1071 1873 1378 1917 comitatibus
1402 1872 1475 1916 id-

85 1957 213 2001 circo
239 1956 510 2011 elaborata,
560 1963 607 1999 et
633 1972 721 2017 per
755 1971 887 1999 suam
913 1954 1220 2014 Majestatem
1259 1950 1476 1996 sacratis-

84 2039 256 2083 simam
291 2039 556 2082 clementer
582 2036 851 2097 approbata
873 2043 966 2091 est,
989 2051 1094 2096 Apro
1123 2033 1349 2093 exemplo
1390 2030 1477 2074 eis-

85 2119 197 2163 dem
219 2135 309 2180 pro
335 2117 409 2162 sui
431 2116 703 2161 directione
732 2114 1024 2170 transmitti,
1059 2130 1156 2176 quo
1189 2113 1393 2158 eaedem
1416 2111 1474 2154 V.

85 2199 439 2244 dominationes
455 2206 590 2261 parte
608 2213 799 2260 quoque
815 2214 871 2242 ex
886 2212 969 2242 sua
987 2195 1284 2249 conformes,
1296 2194 1472 2238 ressexe

87 2287 252 2323 tamen
288 2279 350 2322 ad
375 2278 833 2341 practicabilitatem
871 2286 914 2322 et
949 2275 1479 2339 impracticabilitatem

87 2359 280 2404 viarum
297 2393 310 2416 ,
358 2359 538 2405 virium
567 2359 688 2403 item
714 2375 953 2420 pecorum
974 2390 986 2412 ‚
1037 2356 1197 2418 quoad
1222 2354 1481 2419 gremialia

97 2455 180 2483 sua
213 2439 433 2484 dominia
457 2447 505 2485 et
525 2441 658 2496 loca,
695 2438 804 2484 fieri
838 2445 1009 2483 curent
1035 2437 1265 2493 tabellas,
1301 2450 1478 2496 easque

95 2536 187 2582 per
210 2537 258 2566 se
287 2521 465 2566 revisas
483 2554 495 2577 ,
544 2527 590 2564 et
618 2520 971 2564 authenticatas
1001 2518 1058 2561 ad
1096 2516 1388 2578 exigentiam
1410 2514 1480 2558 id-

103 2602 230 2646 circo
269 2601 356 2646 sub
409 2614 447 2648 1.
488 2601 698 2646 octobris
742 2604 881 2648 1770.
924 2599 1226 2644 interventae
1273 2599 1317 2643 h.
1354 2612 1483 2641 reso-

99 2682 325 2739 lutionis,
373 2700 472 2727 non
504 2683 648 2726 modo
675 2680 926 2736 dominio,
974 2680 1055 2725 sed
1087 2686 1134 2724 et
1156 2677 1274 2740 ipsis
1303 2677 1484 2721 colonis

104 2766 153 2809 in
189 2782 289 2810 uno
336 2763 605 2826 exemplari
644 2779 733 2826 pro
769 2761 1059 2808 eorumdem
1104 2757 1373 2806 necessaria
1424 2756 1487 2799 εἰς
