1669 3189
687 210 756 219 .‚.·-
817 182 901 231 452
961 204 1032 217 vu-

189 297 313 342 illud
345 296 635 359 praesertim
678 290 729 334 in
757 289 997 333 calculum
1034 295 1332 348 summatur,
1367 288 1580 354 'proces-

189 396 263 424 sus
295 378 345 421 in
372 374 577 419 materia
601 369 789 415 urbarii
820 369 922 414 sere
965 386 1134 415 omnes
1168 369 1233 414 ita
1273 380 1577 433 comparatos

189 475 318 513 esse,
354 465 404 499 ut
433 451 682 498 occasione
709 450 979 496 eorundem
1005 451 1268 496 decisionis
1298 459 1581 514 praecepto-

186 555 323 589 rum,
372 549 493 594 quae
520 531 662 576 isthic
697 531 1031 586 continentur,
1088 532 1396 592 provocative
1432 530 1579 575 etiam

187 616 246 662 ad
271 630 375 659 suos
403 611 586 668 sontes,
641 611 882 655 maximus
918 627 1027 655 usus
1068 608 1179 654 fieri
1201 611 1378 672 possit,
1431 619 1475 655 et
1508 611 1584 656 de-

187 697 307 740 beat.
375 691 690 755 Experientia
720 692 889 747 docet,
946 707 1108 735 causas
1142 691 1411 734 urbariales
1438 690 1585 752 potis-

184 776 366 820 simum
395 775 446 819 in
470 773 708 817 substrato
747 771 1044 827 fundorum,
1093 779 1137 815 et
1176 772 1482 816 robottarum
1510 772 1587 816 de«

185 853 470 915 sumptionis
503 853 718 907 versari,
777 853 835 896 ad
867 870 1075 914 quarum
1104 852 1407 897 decisionem
1435 851 1581 895 sacili-

183 936 410 991 tundam,
458 935 734 995 complexus
767 933 1035 994 praesentis
1071 932 1295 989 articuli,
1346 938 1394 975 ct
1424 933 1472 977 in
1510 949 1585 976 eo-

186 1017 299 1060 dem
344 1021 721 1076 provocatorum
760 1011 957 1074 egregie
1009 1011 1283 1069 subservit3
1344 1029 1400 1057 eo
1442 1012 1584 1056 isthic

181 1101 387 1150 attacto,
455 1093 801 1155 ejectatioaem
859 1091 1162 1135 constitutivi
1204 1091 1478 1135 sessionolis
1531 1093 1582 1136 in

179 1192 266 1220 sua
299 1174 533 1218 urbariali
576 1172 909 1233 competentia
947 1172 1016 1215 ita
1049 1171 1354 1216 considerari
1393 1173 1587 1228 debet-e,

179 1260 235 1298 ut
273 1252 521 1297 occasione
569 1253 902 1314 cuiuscunque
957 1252 1242 1313 possessorii
1302 1252 1591 1316 mutationis

179 1334 232 1379 in
268 1349 352 1378 sua
379 1333 641 1394 quantitate
667 1334 741 1378 vel
774 1333 1008 1394 qualitate
1053 1333 1423 1378 constitutivum
1465 1350 1587 1378 sern-

178 1431 271 1477 per
301 1415 640 1460 inconcussum
681 1420 726 1458 et
766 1412 937 1457 stabile
980 1419 1197 1457 maneat.
1287 1414 1391 1457 Non
1419 1414 1587 1458 adver-

181 1495 279 1540 sari
304 1495 418 1539 huic
445 1493 695 1554 principio
732 1492 1011 1549 cambium,
1057 1500 1140 1537 aut
1187 1492 1434 1539 occasione
1458 1511 1587 1538 com-

178 1573 482 1618 massationis
509 1578 793 1616 tenutorum
826 1572 1167 1617 colonicalium
1203 1573 1490 1618 necessitate
1512 1590 1586 1618 ex·

175 1656 371 1718 igente‚
416 1652 842 1698 constitutivorum
867 1653 1208 1697 alterationem
1237 1670 1249 1711 3
1288 1654 1406 1699 dum
1440 1656 1586 1699 modo

179 1752 236 1780 ea
273 1735 466 1780 ineatur
510 1733 662 1788 ratio,
714 1748 773 1777 ne
819 1734 934 1794 quid
957 1739 1181 1793 tempore
1217 1734 1329 1786 tali,
1376 1734 1577 1789 colonis,

181 1831 208 1858 a
237 1815 396 1876 priori
441 1814 739 1875 possessorio
781 1813 945 1867 motis,
1001 1828 1150 1873 penes
1196 1812 1586 1858 substitutionem

182 1893 297 1937 novi
326 1892 650 1948 constitutivi,
685 1892 735 1936 in
772 1892 1018 1953 qualitate,
1052 1893 1356 1953 quantitate,
1394 1902 1474 1938 aut
1504 1912 1586 1956 po-

183 1971 281 2018 tius
309 1991 334 2019 e
373 1971 537 2017 fructu
584 1990 608 2017 a
638 1973 733 2017 suis
762 1972 940 2017 tenutis
966 1980 1107 2018 antea
1141 1982 1372 2035 percepto
1403 1975 1586 2019 subtra-

181 2053 355 2111 hatur-3
393 2055 521 2116 quod
552 2070 663 2099 cum
689 2053 903 2115 alioquin
938 2053 988 2097 in
1010 2071 1119 2098 casu
1142 2054 1286 2098 unico
1321 2055 1585 2100 dimensio-

182 2137 257 2181 nis
282 2136 637 2197 geometricae,
674 2141 723 2180 et
747 2135 1062 2197 regulationis
1086 2143 1373 2180 tenutorum
1403 2153 1582 2198 posses·

184 2216 302 2262 sorii
354 2216 557 2260 alicuius
616 2231 700 2259 suo
737 2216 885 2260 modo
936 2222 982 2259 et
1033 2214 1191 2258 forma
1233 2215 1341 2260 fieri
1391 2216 1582 2272 debeat,

183 2313 292 2341 eam
328 2297 516 2341 dudum
557 2294 655 2356 jam
704 2311 950 2341 emanasse
983 2295 1333 2341 resolutionem
1373 2296 1577 2360 regiam,

184 2377 309 2421 utin
345 2376 587 2421 similibus
628 2376 845 2432 casibus,
899 2375 1220 2437 ponderando
1258 2391 1427 2421 omnes
1455 2377 1582 2421 loca-

184 2456 254 2500 les
289 2457 702 2513 circumstantias,
752 2463 798 2502 et
838 2473 932 2501 una
967 2456 1307 2501 necessitatem
1333 2456 1580 2517 adjuncto-

188 2550 298 2578 rum
318 2568 330 2590 ,
367 2537 656 2598 regulatorii
687 2536 1047 2598 possessionum
1074 2552 1328 2597 processus
1353 2551 1410 2580 ex
1437 2543 1577 2598 parte

185 2613 517 2659 dominiorum
561 2614 921 2661 terrestralium
965 2631 1129 2660 coram
1182 2617 1297 2660 sede
1339 2616 1575 2661 dominali

181 2709 333 2755 penes
381 2697 699 2740 assistentiam
749 2696 852 2741 fisci
882 2695 1262 2759 magistratu-‘ilis
1309 2695 1576 2741 subdit-elac

181 2772 473 2833 assignatam
508 2783 928 2834 promoveantur,
973 2776 1118 2821 isthic
1152 2775 1299 2820 decisi
1333 2775 1395 2818 ad
1431 2775 1576 2819 sedri-

180 2866 261 2896 am
288 2841 543 2913 respectivi
591 2856 847 2901 comitatus
893 2872 986 2916 per
1021 2856 1279 2901 articulare
1307 2855 1575 2901 testimoni-
