1669 3189
563 180 632 191 η-
691 156 776 213 589
834 179 948 221 κω,

32 268 161 332 quod
199 266 420 330 quamvis
481 282 595 310 cum
631 265 878 328 praescitu
918 263 1127 309 dominii
1167 279 1311 325 agere
1348 266 1428 312 de-

32 351 204 404 beant,
251 348 466 392 vendere
494 345 816 391 nihilominus
844 345 970 389 sacta
1002 343 1099 405 jam
1131 345 1326 406 praevie
1359 347 1429 391 in-

34 429 310 475 sinuatione
326 462 342 485 ,
386 428 535 474 etiam
568 428 747 488 absque
774 432 955 470 annutu
982 425 1187 470 dominii
1208 433 1425 487 possunt.

594 567 737 576 mm
742 563 881 576 mm&

498 671 829 718 CAPUT
897 670 981 713 IX.

33 789 122 834 De
171 787 277 845 iis,
349 801 507 848 quae
565 782 638 828 ad
690 782 1026 828 internum
1076 779 1309 828 honum
1354 802 1438 831 or.

412 865 621 909 dinem
656 861 1049 909 referuntur.

166 988 209 1049 ᾗ,
249 1000 291 1035 1.
359 989 452 1032 Pro
486 987 648 1050 judice
689 985 965 1032 dominium
999 998 1043 1035 3.
1083 987 1333 1044 candidet,
1387 996 1440 1033 et

46 1084 103 1113 ex
132 1068 228 1112 illis
258 1068 577 1113 communitas
607 1085 760 1113 unum
789 1069 839 1112 in
870 1066 1148 1129 praesentia
1183 1068 1446 1114 dominalis

38 1150 259 1196 officialis
296 1150 470 1212 eligat,
541 1166 690 1211 quem
727 1148 1002 1194 dominium
1046 1164 1138 1209 pro
1197 1150 1442 1195 demerito

37 1244 299 1283 amovere,
365 1237 411 1273 et
445 1229 624 1290 punire
659 1234 849 1290 potest,
898 1228 951 1272 in
987 1229 1120 1272 cuius
1149 1229 1349 1273 demum
1378 1230 1446 1274 lo-

40 1326 154 1354 cum
209 1311 332 1353 alter
392 1308 697 1370 praescripta
748 1308 1032 1353 modalitate
1078 1308 1447 1353 substituendus

38 1388 160 1446 erit3
212 1388 462 1433 notarium
492 1387 820 1432 nihilominus
848 1387 954 1450 ipsa
991 1389 1314 1435 communitas
1344 1391 1448 1435 sine

40 1468 249 1514 dominii
275 1469 461 1514 influxu
489 1468 702 1531 eligere,
738 1475 784 1513 et
813 1469 1063 1514 dimittere
1091 1471 1287 1531 poterit.

171 1555 208 1602 §.
238 1560 280 1596 2.
349 1549 544 1595 Judices
594 1550 686 1594 sub
745 1549 1088 1611 qualicumque
1132 1558 1388 1611 praetextu
1422 1566 1449 1596 a

41 1630 407 1677 contributione
433 1648 533 1675 non
560 1630 852 1676 eximantur.

172 1717 209 1762 ς).
240 1723 282 1759 3.
350 1710 582 1755 Rationes
618 1708 855 1768 ajudice,
910 1709 1014 1755 sine
1037 1717 1200 1756 tamen
1230 1710 1447 1756 subdito-

45 1809 157 1838 rum
188 1789 416 1855 aggi-avio
441 1788 718 1834 dominium
745 1790 921 1851 exigat.

181 1871 220 1931 §.
249 1878 292 1920 4.
362 1870 589 1915 Rationes
625 1887 651 1914 a
684 1867 847 1928 judice
887 1867 1082 1931 exigere
1121 1870 1451 1913 intermitten-

49 1955 104 1999 tis
154 1950 366 1998 dominii
428 1951 708 2015 neglectum
752 1950 1068 2012 magistratus
1123 1949 1451 1996 comitatensis

51 2033 290 2096 suppleat.

181 2121 220 2167 §.
250 2124 292 2161 5.
364 2111 626 2157 Incassatio
668 2110 839 2173 quanti
887 2109 1335 2166 contributionalis,
1401 2115 1452 2154 et

52 2195 113 2239 ad
143 2210 326 2253 cassam
355 2193 608 2238 comitatus
637 2190 911 2253 deportatio
955 2190 1174 2253 praecise
1209 2208 1356 2253 penes
1385 2190 1451 2234 lo-

60 2292 233 2322 corum
263 2273 657 2330 communitates,
695 2279 740 2316 et
761 2271 945 2334 judices
979 2288 1207 2336 pagenses
1238 2278 1450 2326 maneat,

54 2354 378 2418 invigiletque
405 2353 677 2410 comitatus,
719 2372 779 2399 ne
804 2353 1086 2398 dominium
1114 2359 1195 2398 aut
1225 2352 1447 2416 ejusdem

53 2434 289 2481 officiales
317 2436 367 2479 in
393 2435 518 2480 hanc
548 2442 703 2480 semet
728 2433 1013 2479 immittant.

185 2521 223 2567 §.
253 2519 296 2563 6.
367 2514 702 2578 Obtingentias
741 2513 962 2559 dominio
992 2513 1124 2575 juxta
1158 2510 1452 2556 modernam

57 2596 354 2642 urbarialem
382 2596 741 2658 regulationem
760 2599 1112 2655 competentes,
1146 2590 1326 2636 subditi
1358 2589 1451 2633 rite

56 2677 359 2740 dependant,
425 2682 475 2720 et
521 2676 574 2719 in
628 2688 795 2720 casum
831 2674 1126 2719 morositatis
1171 2670 1453 2718 executione

58 2758 207 2806 etiam
232 2757 482 2805 mediante
509 2757 568 2803 ad
601 2757 952 2820 depensionem
973 2771 1180 2803 suarum
1206 2752 1461 2814 obtingen-
