1669 3189
584 220 652 230 --m
713 197 797 247 443
859 217 930 228 m-

76 315 152 359 54.
187 308 492 369 Exequentes
516 307 827 368 complanent
861 302 1111 366 querelas,
1161 299 1468 362 complanari

71 396 348 451 nequentes
395 388 727 433 commissario
775 385 910 448 regio
946 383 1177 428 referant.
1211 406 1277 414 --
1312 386 1349 431 ᾗ.
1388 391 1466 428 55.

70 471 345 516 Relationes
366 486 510 531 super
528 467 777 512 laboribus
802 465 896 509 suis
918 461 1297 510 hebdomadales
1327 475 1469 521 prae«

71 559 197 596 stent
228 549 512 597 comissario
552 547 720 608 regio,
772 545 1032 605 eidemque
1076 557 1276 588 omnem
1305 556 1470 602 respe-

73 639 203 677 ctum
225 665 237 687 ,
285 638 330 675 et
356 626 685 673 obedientiam
712 624 990 669 exhibeant.
1044 649 1107 655 -—
1163 623 1201 682 ᾗ
1232 626 1306 671 56.
1346 624 1470 667 Con-

69 712 395 756 travenientes
427 706 830 769 dispositionibus
863 702 1009 766 regiis
1041 701 1318 747 comissario
1346 700 1470 745 refe-

68 794 206 842 rant,
262 787 681 844 contribuentium
728 793 891 830 autem
932 791 1118 828 sortem
1158 784 1209 828 in
1243 785 1468 830 omnibus

68 870 162 915 suis
195 869 562 932 operationibus
596 866 735 911 cordi
767 872 1032 910 summant.

195 954 410 1007 Harum,
459 966 580 1012 quae
615 948 713 1008 jam
758 947 944 991 dudum
976 943 1309 1008 praescriptae
1338 950 1468 1001 sunt,

66 1031 390 1095 benignarum
422 1028 799 1075 instructionum
832 1044 941 1072 eam
968 1027 1188 1071 indolem
1233 1042 1362 1080 esse,
1411 1031 1465 1070 ul:

68 1127 196 1156 nunc
226 1127 418 1173 quoque
447 1110 693 1154 occasione
723 1105 1061 1163 discussionis,
1127 1113 1174 1151 et
1208 1104 1470 1149 decisionis

69 1210 269 1237 casuum
297 1191 617 1237 urharialium
651 1206 842 1234 summa
869 1189 930 1233 sit
957 1188 1227 1232 earundem
1259 1185 1472 1248 applica-

68 1272 216 1316 tionis
247 1271 523 1315 necessitas.
606 1271 763 1314 Multa
809 1269 1011 1330 quidem
1048 1266 1106 1310 iis
1143 1255 1473 1320 continentur,

70 1369 193 1415 quae
231 1351 329 1410 jam
358 1351 557 1395 effectui
591 1351 764 1393 tradita
788 1351 986 1409 penitus
1013 1364 1195 1392 cessare
1221 1346 1473 1400 videntur,

64 1430 286 1494 plurima
330 1437 497 1473 tamen
525 1429 700 1473 iisdem
743 1428 1007 1489 complecti
1033 1435 1223 1472 certum
1256 1433 1355 1480 est,
1414 1423 1477 1469 ad

70 1527 281 1572 quorum
313 1508 561 1571 principia
606 1525 733 1552 nunc
779 1508 928 1552 etiam
967 1525 1196 1552 recursus
1243 1505 1355 1550 fieri
1394 1504 1475 1548 de-

67 1593 196 1639 beat.
295 1589 577 1635 Primitivus
623 1590 802 1633 harum
842 1588 1229 1633 instructionum
1276 1586 1474 1648 spiritus

70 1672 263 1718 diversa
309 1670 585 1716 continebat
616 1668 836 1732 objecta,
906 1685 1119 1730 quorum
1170 1684 1281 1731 pars
1319 1667 1476 1710 altera

69 1769 294 1798 normam
316 1750 744 1811 manipulationis,
798 1765 920 1811 quae
953 1749 1218 1810 sphaeram
1253 1747 1476 1793 inu-odue-

71 1832 213 1877 cendi
254 1830 442 1876 urharii
478 1830 713 1885 feriebat,
771 1829 823 1873 in
863 1829 1174 1874 comitatibus
1217 1831 1476 1874 observan-

75 1913 164 1957 dae
213 1911 556 1973 praescripsit,
608 1911 822 1972 adeoque
864 1916 1056 1971 tempus
1092 1908 1473 1954 introductionis

72 1991 293 2046 urbarii,
342 1998 389 2035 et
425 1991 662 2051 epocham
704 1990 831 2034 illius
856 1989 1104 2051 respicere
1130 1990 1311 2052 potuit,
1361 2003 1475 2051 pars

73 2068 229 2118 altera
260 2078 427 2116 autem
454 2088 508 2116 ea
541 2072 955 2132 complectebatur
988 2069 1208 2132 objecta,
1265 2086 1388 2132 quae
1424 2069 1475 2113 in

74 2153 241 2197 stricto
279 2152 458 2196 merito
502 2158 631 2196 certa
674 2151 992 2212 suppeditant
1028 2150 1273 2195 normalia
1294 2149 1476 2210 princi-

74 2234 182 2295 pia,
217 2250 242 2277 a
272 2231 447 2294 quibus
474 2234 705 2276 recedere
735 2247 822 2276 nec
856 2248 984 2276 nunc
1018 2231 1219 2292 quidem
1257 2230 1473 2274 liberum

78 2321 163 2359 est.
231 2313 518 2357 Terminata
545 2311 767 2375 generali
792 2311 1029 2356 urban-{ali
1058 2311 1107 2354 in
1124 2309 1373 2372 Hungaria
1401 2324 1476 2353 re-

77 2393 340 2458 gulatione,
384 2393 678 2456 praescripti
707 2391 867 2448 illius,
906 2392 1036 2453 quod
1070 2391 1218 2452 ipsius
1256 2390 1477 2434 introdu-

79 2474 250 2520 ctionis
297 2475 554 2520 urharialis
600 2472 793 2536 praxim
842 2471 1077 2528 involuit,
1135 2470 1476 2516 necessitatem

78 2571 282 2600 cessasse
326 2555 375 2599 in
402 2563 569 2617 aperto
597 2562 698 2612 est,
751 2564 922 2600 earum
945 2560 1105 2597 tamen
1138 2552 1471 2614 benignarum

81 2635 491 2697 dispositionum,
549 2654 669 2698 quae
710 2638 771 2681 ad
807 2638 1006 2680 classem
1035 2634 1244 2678 fixorum
1292 2630 1476 2693 princi-

80 2715 309 2779 piorum,
353 2723 399 2761 et
429 2717 657 2779 perennis
685 2733 885 2762 normae
909 2720 1228 2768 revocantur,
1278 2718 1471 2755 tenores

82 2811 213 2842 nunc
261 2815 450 2863 quoque
500 2798 782 2855 observari,
841 2805 887 2845 et
927 2796 1060 2860 juxta
1095 2795 1293 2844 easdem
1337 2807 1471 2839 casus
