1669 3189
13 1462 22 1471 x

600 190 693 205 m·
730 169 816 214 605
873 193 943 203 m-

71 279 338 335 domatim,
388 277 615 342 statisque
649 279 952 342 temporibus
983 278 1049 323 ita
1091 276 1369 342 exigantur,
1414 286 1470 324 ut

71 375 172 405 una
201 359 260 404 ad
295 358 456 403 minus
488 364 531 406 4.
555 376 666 421 pars
700 375 885 404 annuae
920 357 1221 403 obventionis
1236 375 1327 421 pro
1354 360 1468 420 hye-

78 437 285 481 malibus
306 435 559 481 mensibus
594 443 908 490 remaneant,
962 436 1188 498 huncque
1222 439 1275 483 in
1308 439 1462 484 finem

71 532 162 577 pro
225 516 474 580 utriusque
531 518 687 580 partis
740 516 1005 562 directione
1060 526 1160 562 tam
1212 519 1460 580 hyemales

71 614 215 658 quam
252 606 299 642 et
344 599 588 645 aestivales
629 599 760 644 dicae
792 613 989 659 semper
1015 599 1067 642 in
1092 607 1331 663 promptu
1367 617 1467 647 ser-

69 686 263 724 ventur.

198 759 413 805 Subditis
447 775 598 821 porro
634 758 687 802 in
739 758 931 803 robotta
969 758 1205 803 dominali
1244 763 1465 806 constitu-

66 839 126 884 tis
156 841 400 902 quietem‚
435 846 484 884 et
513 838 843 901 pabulationis
882 846 1073 901 tempus
1114 856 1204 901 pro
1240 858 1329 898 eo,
1379 842 1464 905 qui

65 921 295 966 hactenus
336 920 521 982 viguit,
591 936 758 976 more,
834 920 1000 964 hahita
1049 920 1171 964 item
1209 920 1462 967 distantiae

66 1000 229 1062 pascui
261 1001 526 1045 et‘roboris
575 999 912 1059 jumentorum
932 1034 945 1057 ,
997 1017 1050 1047 ac
1083 1003 1460 1046 conservationis

65 1080 275 1126 miserae
303 1080 456 1141 plebis
487 1080 694 1137 ratione,
730 1080 968 1125 sufficiens
993 1082 1192 1126 omnino
1222 1082 1460 1127 admittat.

191 1161 250 1204 Et
265 1158 375 1221 quia
393 1160 603 1205 subditus
619 1161 748 1203 ultra
768 1176 872 1204 suas
897 1167 945 1204 et
971 1158 1309 1219 jumentorum
1332 1162 1461 1206 vires

68 1239 126 1284 ad
162 1241 378 1285 laborem
411 1239 709 1284 dominalem
745 1239 874 1283 intra
918 1240 1061 1286 unius
1105 1239 1205 1284 diei
1247 1241 1466 1301 spatium

70 1321 426 1383 perficiendum
471 1319 578 1382 cogi
614 1319 872 1381 nequiret,
927 1335 979 1363 ac
1026 1336 1080 1364 ex
1113 1336 1169 1364 eo
1203 1336 1292 1363 nec
1319 1320 1464 1365 unius

72 1399 171 1444 diei
226 1398 362 1444 labor
417 1399 581 1443 eidem
632 1399 959 1442 determinate
1009 1397 1245 1460 assignari
1287 1410 1464 1461 posset,

71 1495 215 1524 omne
257 1487 422 1523 autem
461 1486 655 1539 tempus
692 1478 743 1522 in
776 1478 999 1522 laborem
1043 1478 1346 1524 dominalem
1381 1478 1467 1526 im-

0 1547 2 1563 :
67 1575 277 1622 pensum
319 1557 524 1603 subditis
560 1557 800 1619 imputari
841 1559 887 1602 h.
913 1557 1173 1601 urbarium
1213 1561 1463 1622 praecipe-

68 1645 175 1694 ret,
239 1638 457 1683 dominia
485 1636 789 1682 teri-estralia
829 1653 856 1680 a
897 1636 1284 1682 determinandis
1327 1654 1467 1700 prae-

73 1718 258 1765 attactis
289 1720 427 1763 unius
456 1718 555 1763 diei
582 1718 830 1762 laboribus
858 1718 1048 1778 pariter
1080 1720 1379 1776 abstineant,
1418 1727 1467 1765 et

69 1799 342 1861 neglectam
375 1797 466 1841 hoc
502 1813 693 1858 quoque
727 1796 926 1841 nomine
951 1797 1331 1859 imputationem
1360 1801 1467 1845 sub-

72 1878 183 1923 ditis
209 1894 298 1939 pro
331 1877 594 1939 praeterito
625 1877 906 1922 benificent.

197 1959 345 2002 Porro
385 1957 435 2001 in
471 1956 639 2018 poenis
683 1957 898 2001 triduani
934 1958 1136 2013 laboris,
1186 1965 1231 2002 et
1271 1958 1464 2002 baculos

46 2054 183 2097 ream
221 2038 482 2083 adhibeant
512 2035 934 2093 moderationem,
985 2054 1046 2082 ne
1081 2038 1366 2101 illegalitate
1399 2036 1464 2083 sa-

74 2125 269 2164 ctorum
303 2116 607 2179 prodeunte,
660 2117 850 2162 miseris
873 2117 1152 2163 hominibus
1188 2134 1278 2179 pro
1310 2135 1463 2164 exces-

75 2198 205 2244 sibus
260 2195 569 2251 satisfacere,
624 2211 898 2259 poenasqne
954 2196 1167 2243 saevitiei
1222 2198 1338 2242 dare
1386 2198 1464 2243 de-

75 2278 241 2323 beant.

75 2424 291 2489 (szoad
337 2439 487 2468 usum
528 2423 700 2468 relate
747 2423 818 2467 ad
854 2425 1201 2483 peragendas
1236 2441 1336 2485 per·
1386 2442 1463 2471 co-

143 2490 298 2533 lonos
325 2496 633 2539 araturas.)

173 2612 218 2656 9.
242 2601 309 2645 Ex
325 2601 564 2646 instantiis
597 2601 898 2648 subditorum
926 2603 1201 2663 prodeunte
1223 2619 1296 2659 en,
1329 2603 1462 2666 quod

74 2681 126 2724 in
152 2695 301 2743 regno
328 2681 417 2724 hoc
442 2681 586 2725 nullis
619 2681 762 2727 certis
801 2689 1109 2728 araturarum
1151 2684 1458 2746 temporibus

74 2761 507 2822 praeexistentibus
531 2760 754 2809 dominia
784 2764 1081 2811 ten-estralia
1113 2763 1341 2812 miseram
1362 2766 1462 2828 ple-
