1669 3189
626 177 696 192 Μ
753 162 838 213 499
895 178 966 222 ⁴⁸⁵5

106 263 497 312 continuandum
540 271 919 309 tractamentum
956 267 1282 312 eontractuale
1320 284 1496 331 perpe-

101 353 241 390 tuum
268 343 402 407 cogi,
440 361 528 389 nec
575 344 793 389 subditus
825 348 884 391 ab
922 346 1176 408 explendis
1223 347 1273 393 in
1317 356 1494 396 natura

100 425 505 489 praestationibus
576 424 673 469 suis
719 426 917 470 urbario
961 428 1273 489 praescriptis
1343 428 1495 475 eximi

101 507 269 551 valeat.

233 586 329 649 Qui
358 585 656 632 contrariam
682 584 847 630 fovent
889 589 1209 645 sententiam,
1245 597 1386 651 atque
1431 596 1499 633 ta-

99 671 198 724 les,
236 667 318 729 qui
341 666 572 712 continuo
605 666 931 711 contractibus
957 700 972 724 9
1009 670 1226 729 quamvis
1270 671 1498 714 duntaxat

99 747 427 809 temporaneis
453 745 638 808 provisi
663 743 894 803 fuerant,
932 748 1132 792 urbario
1176 749 1351 810 subjici
1395 766 1495 794 non

97 844 265 890 posse,
306 833 593 888 argumenta
632 843 717 870 sua
754 825 854 886 jam
892 828 950 871 ab
993 827 1266 873 introducti
1308 820 1508 874 urbari'i‘

99 907 287 969 epocha
314 912 559 968 repetunb
599 907 742 969 Quod
767 907 978 970 oppida,
1017 915 1063 953 et
1100 908 1313 970 majores
1352 910 1495 972 regni

96 986 438 1049 possessiones,
464 987 514 1031 in
545 986 720 1049 quibus
752 988 1025 1050 plurimum
1058 991 1281 1051 opificia,
1318 999 1364 1035 et
1399 1009 1497 1036 ma-

96 1067 379 1114 nufacturae
425 1067 620 1130 vigent,
666 1067 765 1129 jam
806 1068 892 1114 illo
940 1077 1200 1131 tempore,
1253 1070 1492 1116 urbariali

97 1148 395 1211 regulationi
431 1148 604 1209 subjici
650 1149 971 1205 vetabantur,
1018 1149 1165 1210 idque
1203 1151 1387 1211 partim
1429 1150 1492 1194 ob

97 1229 453 1273 commercium
482 1227 559 1272 cui
605 1228 758 1272 dediti
800 1237 964 1285 erant,
1020 1228 1201 1290 partim
1262 1229 1498 1274 ob‘indu·

97 1309 267 1354 striam
291 1308 709 1363 manufactorum,
744 1308 887 1363 adeo,
923 1316 976 1354 ut
1011 1308 1337 1354 urbarialibus
1361 1326 1497 1371 prae-

96 1387 382 1431 stationibus
415 1386 534 1430 citra
558 1402 759 1448 gravem
796 1387 870 1431 sui
901 1387 1100 1431 ruinam
1134 1388 1186 1432 in
1213 1396 1384 1433 natura
1421 1407 1497 1433 ex-

93 1465 287 1528 plendis
338 1464 509 1527 subjici
551 1465 885 1527 nequivissent
903 1498 926 1535 ⁷„
963 1467 1014 1510 in
1058 1466 1376 1515 instructione
1424 1487 1496 1513 co-

95 1546 438 1591 missariorum
465 1545 719 1607 regiorum
752 1546 794 1606 ς.
825 1549 903 1594 26.
943 1552 1149 1591 eatenus
1175 1547 1495 1592 stabiliendae

96 1626 286 1671 idmodi
313 1623 592 1671 incolorum
620 1625 938 1671 cono-actuali
989 1625 1259 1672 conditioni
1299 1644 1496 1689 prospe-

97 1715 227 1753 ctum
251 1706 413 1751 fuisse.
449 1709 598 1750 Porro
633 1708 862 1751 continua
889 1707 1050 1768 praxis
1092 1707 1317 1769 benignis
1365 1724 1495 1752 reso-

95 1785 359 1833 lutionibus
398 1785 546 1847 regiis
575 1786 832 1842 roborata,
868 1793 916 1830 et
956 1787 1188 1832 continuo
1234 1786 1496 1833 conformi-

96 1885 183 1912 um
213 1866 519 1911 decisionum
547 1883 639 1910 usu
671 1866 862 1911 munita
886 1865 1082 1911 uberius
1109 1868 1276 1925 docet,
1311 1870 1492 1914 incolas

101 1966 183 1994 seu
210 1948 538 2009 oppidorum,
574 1964 660 1992 seu
685 1947 1041 2009 possessionum
1079 1965 1326 2010 nunquam
1356 1952 1495 1995 urba-

99 2029 291 2073 rialiter
325 2034 580 2084 tractatos,
626 2028 713 2072 etsi
745 2028 995 2090 perpetuis
1039 2031 1363 2076 contractibus
1411 2031 1492 2074 de-

98 2110 385 2164 stituantur,
422 2110 753 2170 temporaneis
779 2110 1005 2155 duntaxat
1039 2110 1255 2171 provisi,
1291 2112 1494 2156 occasio-

101 2205 162 2233 ne
190 2187 339 2235 erecti
384 2190 444 2233 ad
475 2189 833 2253 regulationem
883 2190 1182 2235 urharialem
1214 2206 1492 2251 processus,

101 2272 329 2316 continuo
365 2274 563 2318 eosdem
596 2273 647 2316 in
678 2271 912 2316 urbariali
933 2278 1278 2327 tractamento,
1316 2269 1494 2314 altiori-

102 2353 189 2397 bus
215 2352 330 2397 locis
353 2352 505 2398 etiam
541 2352 773 2397 stabilitos
818 2349 999 2406 fuisse,
1036 2351 1186 2395 relate
1234 2358 1396 2395 autem
1433 2349 1492 2394 ad

104 2430 332 2475 articulos
369 2428 590 2493 superius
639 2432 689 2476 in
738 2430 1041 2475 contrarium
1079 2437 1277 2476 attactos
1331 2432 1381 2475 id
1421 2447 1496 2474 re-

104 2511 331 2572 sponderi
372 2512 550 2573 possit,
586 2512 779 2557 eosdem
826 2512 950 2556 nihii
991 2513 1043 2556 in
1086 2528 1194 2556 rem
1235 2511 1494 2574 opitulari,

101 2607 160 2636 eo
184 2591 346 2637 minus
375 2591 606 2654 quidem,
642 2584 751 2637 cuin
779 2609 835 2637 ex
863 2591 972 2653 jure
998 2593 1311 2655 proprietatis
1349 2592 1401 2636 in
1437 2591 1495 2634 si.

104 2672 302 2717 milibus
339 2673 522 2718 casibus
550 2689 802 2736 nunquam
828 2674 1198 2735 procederetur,

231 2753 483 2816 Benignae
524 2760 691 2800 autem
724 2754 1078 2812 resolutiones,
1130 2753 1313 2798 intuitu
1349 2750 1491 2811 hujus

1113 2834 1227 2879 Iirz
