1669 3189
625 187 696 199 Μ
752 174 833 218 401.
896 188 964 205 mv

96 272 292 319 dalitate
324 269 712 329 adlaborabunt3
745 279 799 316 ut
820 270 906 315 illa
935 262 1100 320 omnia
1134 269 1194 315 ad
1220 272 1404 316 realem
1437 278 1486 318 et

96 356 420 416 adaequatum
455 353 786 414 perducantur
814 351 1069 409 effectum3
1117 370 1259 415 super
1298 371 1391 416 quo
1420 362 1487 399 ta-

94 435 206 480 liter
239 440 503 496 procurato
528 430 817 494 requisitam
837 433 1046 479 Consilio
1064 435 1487 483 locumtenentiali

93 515 232 578 regio
257 531 341 559 suo
371 520 590 574 tempore
615 510 796 555 facient
826 512 1134 560 relationem.

227 598 366 641 Instr.
405 593 652 638 comissar.
682 608 782 653 reg.
811 591 849 651 §
884 604 958 640 32.

223 675 348 737 Quia
372 689 487 718 vero
517 689 616 717 non
661 671 960 716 obstantibus
991 671 1107 734 legis
1141 679 1188 716 et
1214 674 1260 718 b.
1298 674 1491 720 ordina-

92 756 286 800 tionum
309 751 560 816 regiarum
590 751 784 813 saepius
812 767 904 813 per
940 766 1151 814 regnum
1186 754 1491 801 circulariter

91 835 453 898 publicatarum
497 831 925 895 dispositionibus,
972 832 1024 877 in
1077 833 1242 877 multis
1285 837 1400 882 locis
1441 837 1492 881 in

96 915 320 959 metretis
352 914 472 958 adeo
499 913 716 959 diversus
745 921 864 957 esset
900 930 1010 957 usus
1030 947 1042 968 ,
1078 920 1132 957 ut
1156 922 1384 962 metretas
1412 936 1496 979 po-

95 996 340 1043 sonienses
371 995 638 1058 nequidem
667 995 1032 1057 intelligerent,
1067 997 1181 1042 hinc
1205 1007 1493 1061 exequentes

92 1077 480 1141 magistratuales
513 1078 565 1122 in
611 1094 667 1122 eo
708 1076 915 1122 sollicite
966 1087 1136 1141 agant,
1184 1088 1237 1125 ut
1268 1080 1495 1124 indictio-

94 1175 210 1204 nem
240 1160 301 1204 ad
329 1165 561 1203 metretas
592 1158 900 1218 posonienses
933 1159 1185 1214 reducant,
1224 1177 1276 1204 ac
1299 1162 1365 1204 ita
1393 1178 1496 1205 rea-

96 1239 216 1283 liter
249 1239 473 1282 reductas
510 1237 736 1282 rubricae
774 1237 825 1282 in
851 1238 1040 1281 tabellis
1075 1239 1400 1284 urharialibus
1428 1239 1497 1284 in-

96 1319 330 1365 scribant.
367 1317 509 1361 Justr,
555 1332 690 1376 exeq.
722 1332 849 1377 mag.
887 1332 992 1377 cap.
1024 1317 1080 1361 ΙΙ.
1112 1323 1148 1367 §.
1179 1328 1220 1364 5.
1250 1320 1309 1363 ad
1332 1338 1379 1381 p.
1423 1333 1497 1371 13,

95 1399 222 1442 circa
246 1397 414 1440 finem.

223 1478 287 1522 Ut
314 1490 465 1537 porro
503 1491 766 1519 mensurae
806 1472 1113 1535 liquidorum
1153 1480 1198 1518 et
1247 1473 1497 1516 aridorum

94 1556 357 1602 universae
394 1554 455 1599 ad
484 1554 809 1600 obtinendum
841 1555 1040 1616 legum,
1077 1553 1496 1615 benignarumque

95 1637 452 1681 resolutionum
478 1651 706 1697 caesareo
741 1635 1024 1697 regiarum,
1071 1642 1118 1680 et
1151 1632 1498 1679 uniformitatis

100 1719 325 1764 effectum
351 1717 579 1772 realiter,
615 1717 850 1772 effective,
887 1733 941 1761 ac
974 1715 1156 1778 ubique
1188 1714 1500 1760 introducan-

96 1806 207 1853 tur,
235 1803 525 1858 exequentes
549 1796 937 1859 magistratuales
960 1797 1010 1840 in
1041 1796 1229 1859 singulo
1263 1797 1370 1839 loco
1396 1811 1498 1838 non

98 1884 290 1922 tantum
335 1876 465 1937 apud
500 1876 748 1938 singulum
795 1876 1054 1922 dominum
1086 1883 1366 1937 terrestrem
1391 1908 1403 1930 ,
1452 1883 1500 1920 et

101 1956 317 2002 subditos
342 1972 506 2001 omnes
528 1955 582 1999 id
620 1955 780 2018 ipsum
813 1956 1070 2019 disponent
1090 1991 1103 2013 ,
1154 1972 1328 2001 verum
1369 1956 1497 2000 serio

34 2070 38 2072 -
100 2037 421 2094 ordinabunt,
475 2044 531 2081 ut
569 2036 606 2082 si
642 2037 934 2100 praehabita
986 2044 1208 2083 accurata
1245 2035 1500 2099 investiga-

98 2118 232 2162 tione
262 2134 349 2163 seu
370 2118 462 2179 ipsi
492 2118 681 2162 domini
713 2125 997 2175 terrestres,
1032 2135 1116 2164 seu
1153 2118 1367 2173 subditi,
1419 2122 1499 2159 aut

98 2197 279 2243 horum
306 2205 480 2242 neuter
506 2197 748 2242 mensuris
781 2199 1160 2259 ,posoniensihus
1202 2196 1388 2258 provisi
1433 2212 1501 2239 es-

102 2284 234 2334 sent,
271 2278 449 2323 talihus
477 2285 632 2322 semet
669 2294 822 2340 usque
862 2284 1056 2339 tempus
1088 2277 1234 2333 illud,
1272 2293 1364 2339 quo
1403 2291 1503 2320 ma·

104 2359 411 2421 gistratuales
447 2376 540 2421 pro
568 2358 852 2404 executione
881 2357 1140 2402 urbarialis
1189 2355 1501 2419 regulationis

107 2440 340 2495 exibunt,
419 2438 636 2484 effective
697 2438 961 2500 providere
1027 2444 1317 2493 teneantur,
1375 2434 1502 2480 inhi-

104 2519 389 2580 bebuntque
435 2526 629 2579 partem
679 2526 939 2580 utramque
977 2519 1035 2563 ab
1082 2516 1307 2561 ulteriori
1347 2515 1501 2560 diver-

105 2614 271 2643 sarum
296 2615 322 2643 a
361 2598 634 2660 posoniensi
656 2606 982 2644 metretarum
1017 2614 1131 2654 usu,
1169 2613 1281 2659 quas
1306 2613 1396 2658 pro
1427 2596 1504 2639 ah-

104 2679 286 2742 rogatis
309 2686 356 2724 et
388 2678 600 2736 cassatis,
619 2696 713 2724 una
736 2697 826 2742 pro
855 2679 1139 2742 poenalibus
1165 2677 1500 2730 declarabunt,

108 2776 161 2806 ac
180 2777 274 2808 una
300 2759 576 2826 disponent,
604 2768 657 2807 ut
681 2760 960 2808 istiusmodi
973 2759 1343 2822 posoniensium
1369 2773 1502 2803 men-

1015 2842 1108 2886 Cc
