1669 3189
717 183 787 193 ..u
852 162 933 211 642
1004 183 1073 195 -n

197 269 503 317 hebdomade
529 268 720 323 diebus,
742 267 1028 330 colligendis
1054 267 1216 330 lignis,
1239 270 1438 331 lignatio
1466 289 1582 319 vero

195 353 363 397 aedilis
394 365 542 409 aeque
568 347 628 391 ad
655 364 901 392 sumniam
931 349 1267 394 necessitatem
1290 354 1587 416 restringen-

194 434 279 488 da,
332 446 422 491 pro
459 427 704 489 superiori
752 429 982 474 duntaxat
1021 437 1159 490 parte
1206 430 1350 487 tecti,
1409 448 1587 495 nequa-

194 527 336 576 quam
377 525 494 553 vero
532 525 621 570 pro
646 508 863 553 trabibus
887 525 940 553 ac
979 509 1086 554 aliis
1121 510 1179 554 ad
1214 509 1492 555 aedificium
1514 529 1589 558 re-

193 590 406 655 quisitis,
457 605 573 651 erga
613 589 872 651 specialem
916 588 1136 634 dominio
1172 589 1445 636 faciendam
1477 591 1589 635 insi-

186 670 506 725 nuationem,
556 677 601 714 et
634 670 734 715 eius
774 669 1152 732 assignationem
1189 669 1393 715 subditis
1424 687 1592 716 conce-

192 752 362 806 datur,
408 749 559 796 iidem
592 767 705 795 vero
738 749 917 795 subditi
960 751 1020 793 ad
1056 750 1228 793 domus
1255 767 1359 794 suas
1386 766 1442 794 ex
1474 749 1590 794 soli-

189 831 261 876 dis
296 832 660 885 materialibus,
716 831 789 874 vel
822 830 907 872 ubi
942 830 1052 873 talia
1092 829 1262 873 haberi
1301 830 1583 892 nequirent,

196 928 252 955 ex
281 910 441 955 crudis
471 909 705 952 lateribus
741 925 830 968 per
859 908 982 969 ipsos
1019 911 1328 956 conficiendis
1377 918 1591 956 constru-

188 991 337 1034 endas
377 987 694 1049 stringantur.
774 988 945 1049 Quoad
981 987 1112 1050 ligna
1154 1007 1267 1034 vero
1300 1007 1390 1052 pro
1429 988 1587 1034 curri-

1650 940 1662 1057 ἑ

185 1072 274 1116 bus
321 1078 369 1114 et
410 1070 512 1113 aliis
540 1084 712 1113 corum
738 1069 1062 1113 oeconomicis
1094 1070 1336 1131 requisitis
1379 1071 1586 1115 antehac

188 1149 389 1196 concedi
425 1150 591 1203 solita,
646 1166 753 1193 usus
793 1149 1102 1210 liucadusque
1140 1151 1419 1194 observatus
1458 1166 1588 1193 nunc

187 1231 354 1284 etiam,
392 1226 778 1289 praescindendo
815 1228 873 1272 ab
897 1227 1029 1271 omni
1048 1227 1359 1273 innovatione
1383 1227 1592 1273 retinea-

184 1319 293 1365 tur,
346 1306 599 1369 colonique
637 1307 688 1350 in
727 1307 1015 1368 praehabito
1049 1307 1291 1351 beneficio
1336 1324 1390 1352 ea
1422 1314 1588 1352 tamen

184 1391 291 1452 lege
336 1394 716 1443 conserventur,
770 1403 830 1431 ne
863 1403 954 1448 per
979 1387 1129 1447 sylvas
1173 1393 1304 1430 extra
1329 1386 1588 1431 destinatas

186 1488 276 1533 pro
309 1476 584 1514 commeatu
616 1468 714 1512 vias
743 1468 995 1523 oberrent,
1045 1467 1316 1511 securitatis
1343 1466 1585 1526 publicae,

185 1557 234 1594 et
256 1548 636 1595 conservationis
661 1547 904 1607 sylvarum
932 1546 1125 1591 ratione
1160 1547 1212 1591 id
1237 1553 1538 1607 exposcente·

645 1680 874 1721 Decima
912 1678 1132 1735 legalis.

328 1801 398 1836 10.
435 1788 682 1849 Siquidem
712 1786 911 1831 domino
948 1785 1171 1830 terrestri
1214 1786 1382 1847 vigore
1415 1787 1588 1846 puncti

190 1876 234 1917 4.
263 1868 451 1913 urbarii
491 1866 720 1912 slavonici
757 1866 948 1911 decima
990 1883 1016 1910 a
1054 1864 1365 1910 seminaturis
1398 1865 1448 1910 in
1484 1865 1588 1911 sun-

187 1951 260 1995 dis
288 1952 517 1994 duntaxat
539 1946 873 2009 extirpatitiis,
922 1946 1070 2007 idque
1117 1946 1319 1991 evolutis
1355 1946 1508 1992 trihus
1532 1947 1588 1991 li-

184 2031 388 2076 bertatis
422 2028 559 2073 annis
589 2027 954 2081 desummenda,
979 2043 1004 2068 a
1028 2034 1166 2087 prato
1195 2044 1310 2072 vero
1341 2025 1587 2088 extirpati-

187 2111 257 2154 tio
285 2126 310 2152 a
341 2108 589 2163 falcatore,
617 2123 706 2152 nec
738 2106 1024 2151 absimiliter
1055 2121 1079 2149 a
1103 2108 1304 2167 pruneti
1328 2105 1500 2169 jugero
1528 2117 1582 2154 15

190 2208 259 2235 xr.
301 2191 556 2244 duntaxat,
601 2203 913 2248 nequaquam
955 2202 1069 2231 vero
1107 2184 1299 2229 decima
1343 2185 1584 2248 exigenda

192 2270 519 2320 concedatur,
563 2285 644 2313 sua
670 2267 896 2327 Majestas
929 2266 1251 2311 sacratissima
1272 2265 1483 2328 benigne
1510 2281 1585 2309 re-

192 2352 356 2410 soluit,
405 2358 458 2395 ut
491 2347 677 2393 idmodi
713 2346 897 2409 species
932 2354 1095 2391 eotum
1136 2345 1364 2390 duntaxat
1398 2344 1587 2390 desum-

194 2431 352 2491 ptioni
382 2428 601 2474 decimae
636 2427 926 2488 subjaceant,
963 2428 1081 2471 dum
1113 2426 1202 2470 hae
1233 2426 1331 2472 sive
1363 2426 1413 2470 in
1438 2426 1585 2470 terris

193 2510 528 2571 extirpatitiis,
575 2515 654 2552 aut
688 2508 738 2550 in
773 2507 1104 2552 sessionalibus
1146 2504 1431 2561 calcaturis,
1480 2505 1578 2549 sive

196 2606 312 2635 vero
346 2606 401 2634 ex
436 2590 622 2651 privata
659 2604 767 2632 cum
806 2587 1024 2632 dominio
1061 2585 1327 2631 terrestrali
1381 2599 1584 2630 conven-

198 2672 329 2716 tione
359 2670 407 2712 in
445 2670 588 2713 terris
624 2668 862 2729 privative
888 2666 1211 2712 dominalihus
1248 2665 1580 2719 seminantur3

198 2753 252 2798 in
282 2750 385 2796 aliis
412 2764 529 2793 vero
557 2748 808 2794 omnihus.
844 2766 1022 2796 canone
1047 2749 1145 2795 sive
1172 2745 1436 2801 sessionali,
1478 2745 1580 2788 sive

1661 2691 1663 2708 A
