1669 3189
573 181 913 235 mom-w„

66 287 409 334 communitati
441 301 636 348 semper
658 286 854 348 praevie
884 285 1221 339 insinuenter‚
1267 289 1315 327 et
1364 297 1458 344 quo

61 370 282 431 pluribus
313 388 370 416 ex
409 386 464 415 ea
493 368 831 431 praesentibus
860 367 1190 412 instituantur.

190 452 374 496 Relatio
426 465 542 494 vero
593 449 798 509 desuper
841 446 1063 491 facienda
1103 460 1193 506 per
1237 442 1455 506 judicem

60 530 332 585 nobilium,
375 537 421 573 et
443 528 740 590 jurassorem
768 527 1113 572 subscribatur.

197 610 237 670 §.
276 619 319 663 4.
359 610 616 654 Occasione
664 606 950 666 hujusmodi
986 622 1172 651 annuae
1199 602 1453 664 investiga-

59 689 205 733 tionis
247 690 578 734 submissionis
613 694 953 732 attestatorum
981 687 1086 748 ipsa
1117 686 1269 730 etiam
1306 683 1452 728 totius

63 770 323 813 comitatus
355 770 576 812 locorum
594 768 761 822 series,
786 766 928 810 toties
946 766 1131 827 quoties
1157 765 1455 808 adnectatur.

193 852 255 895 Ut
271 855 434 893 autem
452 847 610 892 omnis
628 846 1037 892 communitatum
1056 843 1329 890 diffidentia
1347 877 1360 898 ‚
1397 844 1451 887 ac

58 929 332 988 respective
371 934 529 972 metus
561 934 925 989 praevertatur,
963 925 1155 988 quoties
1201 922 1449 986 magistra-

57 1008 208 1052 tuales
254 1007 304 1052 in
340 1008 435 1051 fine
472 1008 779 1070 peragendae
815 1023 1004 1051 annuae
1037 1005 1172 1050 istius
1205 1003 1455 1065 investiga-

55 1086 203 1131 tionis
229 1087 290 1130 ad
313 1087 454 1133 facies
485 1090 707 1134 locorum
743 1089 1018 1145 exiverint,
1055 1088 1217 1132 statim
1249 1104 1360 1132 cum
1385 1089 1455 1132 in-

55 1186 226 1231 gressu
268 1167 376 1229 ipso
429 1170 706 1226 declarent,
768 1168 1196 1232 investigationem
1239 1183 1452 1212 annuam

54 1266 143 1311 per
180 1264 313 1292 suam
359 1249 666 1310 Majestatem
716 1249 1089 1293 sacratissimam
1125 1247 1345 1309 praecise
1400 1244 1453 1289 iu

55 1328 238 1371 bonum
253 1360 266 1383 ,
286 1335 331 1371 et
351 1330 768 1374 conservationem
794 1329 1236 1393 contribuentium3
1273 1326 1451 1371 studio-

63 1426 156 1471 que
181 1408 522 1471 procurandae
546 1416 738 1453 exactae
759 1409 949 1454 urbarii
975 1406 1327 1453 observationis
1361 1406 1452 1450 cle-

55 1498 246 1534 menter
273 1488 547 1532 ordinatam
578 1489 775 1544 haberi,
813 1490 1062 1552 adeoque,
1099 1488 1138 1548 si
1177 1504 1298 1550 quae
1327 1486 1453 1530 colo-

56 1569 130 1612 nis
155 1567 203 1612 in
231 1569 508 1624 communi,
543 1571 618 1613 vel
649 1569 936 1630 particulari
967 1570 1025 1613 de
1061 1586 1156 1613 non
1190 1568 1448 1612 observato

55 1650 256 1696 urbario
299 1649 515 1694 comissis
539 1666 596 1694 ex
620 1658 756 1711 parte
785 1649 992 1694 dominii
1033 1647 1302 1694 excessibus
1340 1661 1451 1708 que-

54 1731 184 1774 relae
242 1737 396 1773 essent
427 1762 440 1785 ,
489 1745 565 1773 eas
600 1731 745 1790 plena
785 1731 1007 1775 libertate
1037 1735 1340 1790 proponant,
1377 1727 1450 1771 sin

55 1811 232 1864 minus,
268 1809 317 1852 id
357 1808 765 1855 testimonialibus
812 1817 953 1871 parte
990 1825 1049 1853 ex
1071 1825 1156 1853 sua
1191 1808 1452 1869 expedien-

57 1890 128 1934 dis
159 1896 517 1950 recognoscant.

183 1969 229 2013 Si
260 1984 377 2012 vero
409 1982 467 2012 ex
499 1968 588 2013 hac
610 1967 978 2029 investigatione
1002 1966 1228 2010 laborum
1265 1980 1350 2009 seu
1372 1981 1450 2008 ro-

54 2050 300 2095 bottarum
331 2049 676 2103 accumulatio,
713 2055 760 2092 et
785 2045 1149 2109 supererogatio
1188 2046 1328 2107 culpa
1368 2046 1450 2089 do-

58 2129 202 2174 minii
243 2130 462 2186 eveniat,
500 2131 620 2175 haec
643 2130 888 2175 occasione
930 2127 1317 2191 investigationis
1358 2140 1450 2188 per

54 2210 330 2255 dominium
377 2212 570 2257 subdito
594 2212 901 2256 instantanee
927 2217 1100 2273 parato
1136 2224 1249 2253 aere
1276 2206 1449 2251 bonifi-

63 2299 215 2339 cetur.

190 2371 231 2431 ᾗ.
266 2383 307 2419 5.
340 2372 386 2418 Si
402 2372 630 2417 officiales
646 2372 909 2417 dominales
927 2372 987 2416 ad
1013 2378 1171 2415 actum
1185 2374 1450 2431 praeattac‹

55 2458 133 2495 tao
162 2451 548 2515 investigationis
576 2454 673 2497 fine
718 2451 1188 2496 confrontandorum
1227 2448 1449 2493 confron«

54 2532 249 2577 tationis
267 2566 280 2589 ,
296 2533 722 2578 bonificandorum
736 2531 1113 2586 bonificationis,
1132 2546 1183 2573 ac
1208 2527 1447 2589 adjustan*

59 2612 240 2658 dorum
277 2614 642 2674 acljustationis,
703 2629 826 2674 quae
877 2612 1042 2674 utique
1096 2610 1261 2655 omnia
1293 2607 1445 2670 partis

58 2693 308 2756 utriusque
336 2701 436 2737 tam
459 2693 774 2755 querulantis,
809 2709 951 2754 quam
987 2691 1265 2754 querulatae
1305 2703 1447 2749 prae-

60 2777 263 2821 sentiam
302 2775 583 2839 requirant,
621 2790 905 2836 comparere
946 2771 1230 2829 renuerint,
1278 2769 1445 2814 medio
