<?xml version="1.0" encoding="UTF-8"?>
<!DOCTYPE html PUBLIC "-//W3C//DTD XHTML 1.0 Transitional//EN"
    "http://www.w3.org/TR/xhtml1/DTD/xhtml1-transitional.dtd">
<html xmlns="http://www.w3.org/1999/xhtml" xml:lang="en" lang="en">
 <head>
  <title>
</title>
<meta http-equiv="Content-Type" content="text/html;charset=utf-8" />
  <meta name='ocr-system' content='tesseract 3.04.00' />
  <meta name='ocr-capabilities' content='ocr_page ocr_carea ocr_par ocr_line ocrx_word'/>
</head>
<body>
  <div class='ocr_page' id='page_1' title='image "./constitutioreiur02paul_0075.png"; bbox 0 0 1669 3189; ppageno 0'>
   <div class='ocr_carea' id='block_1_1' title="bbox 0 0 32 3189">
    <p class='ocr_par' dir='ltr' id='par_1_1' title="bbox 0 0 32 3189">
     <span class='ocr_line' id='line_1_1' title="bbox 0 0 32 3189; baseline 0 0"><span class='ocrx_word' id='word_1_1' title='bbox 0 0 32 3189; x_wconf 95' lang='lat' dir='ltr'><strong> </strong></span> 
     </span>
    </p>
   </div>
   <div class='ocr_carea' id='block_1_2' title="bbox 628 166 968 216">
    <p class='ocr_par' dir='ltr' id='par_1_2' title="bbox 628 166 968 216">
     <span class='ocr_line' id='line_1_2' title="bbox 628 166 968 216; baseline -0.003 -18"><span class='ocrx_word' id='word_1_2' title='bbox 628 187 696 198; x_wconf 59' lang='lat' dir='ltr'><strong>m.</strong></span> <span class='ocrx_word' id='word_1_3' title='bbox 755 166 842 216; x_wconf 78' lang='lat'><strong>405</strong></span> <span class='ocrx_word' id='word_1_4' title='bbox 898 185 968 197; x_wconf 74' lang='grc'><strong>....</strong></span> 
     </span>
    </p>
   </div>
   <div class='ocr_carea' id='block_1_3' title="bbox 49 271 1502 1060">
    <p class='ocr_par' dir='ltr' id='par_1_3' title="bbox 102 271 1502 500">
     <span class='ocr_line' id='line_1_3' title="bbox 102 271 1502 340; baseline -0.004 -18"><span class='ocrx_word' id='word_1_5' title='bbox 102 277 366 340; x_wconf 78' lang='lat' dir='ltr'><strong>probatum</strong></span> <span class='ocrx_word' id='word_1_6' title='bbox 410 283 645 336; x_wconf 77' lang='lat' dir='ltr'><strong>systema,</strong></span> <span class='ocrx_word' id='word_1_7' title='bbox 708 274 838 336; x_wconf 87' lang='lat' dir='ltr'><strong>quod</strong></span> <span class='ocrx_word' id='word_1_8' title='bbox 875 275 1217 319; x_wconf 80' lang='lat' dir='ltr'><strong>inconcussum</strong></span> <span class='ocrx_word' id='word_1_9' title='bbox 1252 273 1404 317; x_wconf 71' lang='lat' dir='ltr'><strong>relate</strong></span> <span class='ocrx_word' id='word_1_10' title='bbox 1440 271 1502 318; x_wconf 85' lang='lat' dir='ltr'><strong>ad</strong></span> 
     </span>
     <span class='ocr_line' id='line_1_4' title="bbox 102 350 1501 415; baseline -0.002 -14"><span class='ocrx_word' id='word_1_11' title='bbox 102 356 344 401; x_wconf 75' lang='lat' dir='ltr'><strong>beneficia</strong></span> <span class='ocrx_word' id='word_1_12' title='bbox 390 362 437 399; x_wconf 83' lang='lat' dir='ltr'><strong>et</strong></span> <span class='ocrx_word' id='word_1_13' title='bbox 476 371 628 399; x_wconf 81' lang='lat' dir='ltr'><strong>onera</strong></span> <span class='ocrx_word' id='word_1_14' title='bbox 665 353 869 399; x_wconf 88' lang='lat' dir='ltr'><strong>subditis</strong></span> <span class='ocrx_word' id='word_1_15' title='bbox 911 360 1132 415; x_wconf 87' lang='lat' dir='ltr'><strong>optatum</strong></span> <span class='ocrx_word' id='word_1_16' title='bbox 1171 350 1401 414; x_wconf 82' lang='lat' dir='ltr'><strong>procuret</strong></span> <span class='ocrx_word' id='word_1_17' title='bbox 1425 369 1501 398; x_wconf 87' lang='lat' dir='ltr'><strong>ae-</strong></span> 
     </span>
     <span class='ocr_line' id='line_1_5' title="bbox 103 435 936 500; baseline -0.004 -18"><span class='ocrx_word' id='word_1_18' title='bbox 103 436 422 500; x_wconf 78' lang='lat' dir='ltr'><strong>quilibrium,</strong></span> <span class='ocrx_word' id='word_1_19' title='bbox 458 436 733 482; x_wconf 79' lang='lat' dir='ltr'><strong>reducenda</strong></span> <span class='ocrx_word' id='word_1_20' title='bbox 762 435 936 480; x_wconf 85' lang='lat' dir='ltr'><strong>forent.</strong></span> 
     </span>
    </p>

    <p class='ocr_par' dir='ltr' id='par_1_4' title="bbox 49 514 1499 1060">
     <span class='ocr_line' id='line_1_6' title="bbox 229 514 1499 576; baseline -0.004 -13"><span class='ocrx_word' id='word_1_21' title='bbox 229 519 394 563; x_wconf 83' lang='lat' dir='ltr'><strong>Labor</strong></span> <span class='ocrx_word' id='word_1_22' title='bbox 422 518 502 562; x_wconf 93' lang='lat' dir='ltr'><strong>hic</strong></span> <span class='ocrx_word' id='word_1_23' title='bbox 533 516 862 570; x_wconf 81' lang='lat' dir='ltr'><strong>decumanus,</strong></span> <span class='ocrx_word' id='word_1_24' title='bbox 903 514 1041 559; x_wconf 87' lang='lat' dir='ltr'><strong>cuius</strong></span> <span class='ocrx_word' id='word_1_25' title='bbox 1077 514 1216 571; x_wconf 72' lang='lat' dir='ltr'><strong>idea,</strong></span> <span class='ocrx_word' id='word_1_26' title='bbox 1272 514 1324 557; x_wconf 88' lang='lat' dir='ltr'><strong>in</strong></span> <span class='ocrx_word' id='word_1_27' title='bbox 1354 529 1499 576; x_wconf 84' lang='lat' dir='ltr'><strong>quan-</strong></span> 
     </span>
     <span class='ocr_line' id='line_1_7' title="bbox 49 592 1495 657; baseline -0.003 -16"><span class='ocrx_word' id='word_1_28' title='bbox 49 612 54 619; x_wconf 90' lang='grc'>·</span> <span class='ocrx_word' id='word_1_29' title='bbox 100 603 210 642; x_wconf 76' lang='lat' dir='ltr'><strong>tum</strong></span> <span class='ocrx_word' id='word_1_30' title='bbox 237 599 295 642; x_wconf 86' lang='lat' dir='ltr'><strong>de</strong></span> <span class='ocrx_word' id='word_1_31' title='bbox 328 597 549 641; x_wconf 74' lang='lat' dir='ltr'>realitate</span> <span class='ocrx_word' id='word_1_32' title='bbox 578 595 651 639; x_wconf 89' lang='lat' dir='ltr'><strong>illi</strong></span> <span class='ocrx_word' id='word_1_33' title='bbox 685 594 1000 656; x_wconf 79' lang='lat' dir='ltr'><strong>procuranda</strong></span> <span class='ocrx_word' id='word_1_34' title='bbox 1026 602 1223 657; x_wconf 75' lang='lat' dir='ltr'><strong>agetur,</strong></span> <span class='ocrx_word' id='word_1_35' title='bbox 1273 592 1495 654; x_wconf 86' lang='lat' dir='ltr'><strong>publicos</strong></span> 
     </span>
     <span class='ocr_line' id='line_1_8' title="bbox 99 672 1498 735; baseline -0.002 -15"><span class='ocrx_word' id='word_1_36' title='bbox 99 675 454 721; x_wconf 74' lang='lat' dir='ltr'><strong>functionarios</strong></span> <span class='ocrx_word' id='word_1_37' title='bbox 489 675 670 719; x_wconf 79' lang='lat' dir='ltr'><strong>diutius</strong></span> <span class='ocrx_word' id='word_1_38' title='bbox 705 672 992 735; x_wconf 77' lang='lat' dir='ltr'>occupabit,</span> <span class='ocrx_word' id='word_1_39' title='bbox 1052 689 1143 734; x_wconf 82' lang='lat' dir='ltr'><strong>pro</strong></span> <span class='ocrx_word' id='word_1_40' title='bbox 1190 690 1318 719; x_wconf 87' lang='lat' dir='ltr'><strong>nunc</strong></span> <span class='ocrx_word' id='word_1_41' title='bbox 1344 689 1400 718; x_wconf 88' lang='lat' dir='ltr'><strong>eo</strong></span> <span class='ocrx_word' id='word_1_42' title='bbox 1428 688 1498 718; x_wconf 89' lang='lat' dir='ltr'><strong>so-</strong></span> 
     </span>
     <span class='ocr_line' id='line_1_9' title="bbox 96 752 1496 817; baseline -0.002 -17"><span class='ocrx_word' id='word_1_43' title='bbox 96 757 204 800; x_wconf 91' lang='lat' dir='ltr'><strong>lum</strong></span> <span class='ocrx_word' id='word_1_44' title='bbox 256 753 573 817; x_wconf 83' lang='lat' dir='ltr'><strong>perfectionis</strong></span> <span class='ocrx_word' id='word_1_45' title='bbox 630 753 855 809; x_wconf 83' lang='lat' dir='ltr'><strong>devenit,</strong></span> <span class='ocrx_word' id='word_1_46' title='bbox 929 760 981 798; x_wconf 87' lang='lat' dir='ltr'><strong>ut</strong></span> <span class='ocrx_word' id='word_1_47' title='bbox 1026 752 1284 799; x_wconf 81' lang='lat' dir='ltr'><strong>arbitraria</strong></span> <span class='ocrx_word' id='word_1_48' title='bbox 1335 761 1496 810; x_wconf 84' lang='lat' dir='ltr'><strong>antea,</strong></span> 
     </span>
     <span class='ocr_line' id='line_1_10' title="bbox 98 833 1498 898; baseline -0.003 -17"><span class='ocrx_word' id='word_1_49' title='bbox 98 836 364 898; x_wconf 80' lang='lat' dir='ltr'><strong>multisque</strong></span> <span class='ocrx_word' id='word_1_50' title='bbox 392 835 804 882; x_wconf 80' lang='lat' dir='ltr'><strong>vicissitudinibus</strong></span> <span class='ocrx_word' id='word_1_51' title='bbox 835 834 1068 890; x_wconf 75' lang='lat' dir='ltr'><strong>Obnoxia‚</strong></span> <span class='ocrx_word' id='word_1_52' title='bbox 1116 834 1412 896; x_wconf 79' lang='lat' dir='ltr'><strong>praesertim</strong></span> <span class='ocrx_word' id='word_1_53' title='bbox 1444 833 1498 877; x_wconf 85' lang='lat' dir='ltr'><strong>in</strong></span> 
     </span>
     <span class='ocr_line' id='line_1_11' title="bbox 95 913 1491 970; baseline -0.004 -8"><span class='ocrx_word' id='word_1_54' title='bbox 95 934 194 962; x_wconf 89' lang='lat' dir='ltr'><strong>usu</strong></span> <span class='ocrx_word' id='word_1_55' title='bbox 233 917 492 962; x_wconf 78' lang='lat' dir='ltr'><strong>continuae</strong></span> <span class='ocrx_word' id='word_1_56' title='bbox 515 916 801 962; x_wconf 75' lang='lat' dir='ltr'><strong>mutationis</strong></span> <span class='ocrx_word' id='word_1_57' title='bbox 841 915 1165 970; x_wconf 81' lang='lat' dir='ltr'><strong>constitutivi,</strong></span> <span class='ocrx_word' id='word_1_58' title='bbox 1221 913 1491 960; x_wconf 80' lang='lat' dir='ltr'><strong>subditelae</strong></span> 
     </span>
     <span class='ocr_line' id='line_1_12' title="bbox 102 991 1496 1060; baseline -0.004 -18"><span class='ocrx_word' id='word_1_59' title='bbox 102 997 323 1042; x_wconf 86' lang='lat' dir='ltr'><strong>conditio</strong></span> <span class='ocrx_word' id='word_1_60' title='bbox 356 1014 557 1060; x_wconf 84' lang='lat' dir='ltr'><strong>prorsus</strong></span> <span class='ocrx_word' id='word_1_61' title='bbox 592 997 807 1053; x_wconf 78' lang='lat' dir='ltr'><strong>sublata,</strong></span> <span class='ocrx_word' id='word_1_62' title='bbox 875 1003 1020 1059; x_wconf 84' lang='lat' dir='ltr'><strong>atque</strong></span> <span class='ocrx_word' id='word_1_63' title='bbox 1068 1003 1202 1040; x_wconf 85' lang='lat' dir='ltr'><strong>certa</strong></span> <span class='ocrx_word' id='word_1_64' title='bbox 1236 991 1496 1040; x_wconf 83' lang='lat' dir='ltr'><strong>directioni</strong></span> 
     </span>
    </p>
   </div>
   <div class='ocr_carea' id='block_1_4' title="bbox 99 1077 1539 1141">
    <p class='ocr_par' dir='ltr' id='par_1_5' title="bbox 99 1077 1539 1141">
     <span class='ocr_line' id='line_1_13' title="bbox 99 1077 1539 1141; baseline -0.003 -19"><span class='ocrx_word' id='word_1_65' title='bbox 99 1077 431 1123; x_wconf 78' lang='lat' dir='ltr'><strong>subservitum</strong></span> <span class='ocrx_word' id='word_1_66' title='bbox 489 1079 736 1141; x_wconf 82' lang='lat' dir='ltr'><strong>principia</strong></span> <span class='ocrx_word' id='word_1_67' title='bbox 802 1077 1138 1132; x_wconf 81' lang='lat' dir='ltr'><strong>urbarialiter¹</strong></span> <span class='ocrx_word' id='word_1_68' title='bbox 1192 1077 1350 1122; x_wconf 78' lang='lat' dir='ltr'><strong>defixa</strong></span> <span class='ocrx_word' id='word_1_69' title='bbox 1425 1088 1539 1132; x_wconf 33' lang='lat' dir='ltr'><strong>eit-¹</strong></span> 
     </span>
    </p>
   </div>
   <div class='ocr_carea' id='block_1_5' title="bbox 26 1157 1500 2833">
    <p class='ocr_par' dir='ltr' id='par_1_6' title="bbox 94 1157 296 1203">
     <span class='ocr_line' id='line_1_14' title="bbox 94 1157 296 1203; baseline 0.015 -4"><span class='ocrx_word' id='word_1_70' title='bbox 94 1157 296 1203; x_wconf 78' lang='lat' dir='ltr'><strong>titerint.</strong></span> 
     </span>
    </p>

    <p class='ocr_par' dir='ltr' id='par_1_7' title="bbox 26 1232 1500 2833">
     <span class='ocr_line' id='line_1_15' title="bbox 222 1232 1499 1288; baseline -0.005 -7"><span class='ocrx_word' id='word_1_71' title='bbox 222 1238 423 1281; x_wconf 87' lang='lat' dir='ltr'><strong>Nullum</strong></span> <span class='ocrx_word' id='word_1_72' title='bbox 454 1238 615 1282; x_wconf 84' lang='lat' dir='ltr'><strong>adhuc</strong></span> <span class='ocrx_word' id='word_1_73' title='bbox 643 1238 695 1281; x_wconf 88' lang='lat' dir='ltr'><strong>in</strong></span> <span class='ocrx_word' id='word_1_74' title='bbox 721 1236 1088 1282; x_wconf 84' lang='lat' dir='ltr'><strong>classificatione</strong></span> <span class='ocrx_word' id='word_1_75' title='bbox 1116 1232 1499 1288; x_wconf 82' lang='lat' dir='ltr'><strong>beneficiorum,</strong></span> 
     </span>
     <span class='ocr_line' id='line_1_16' title="bbox 98 1312 1500 1377; baseline -0.004 -16"><span class='ocrx_word' id='word_1_76' title='bbox 98 1324 146 1361; x_wconf 88' lang='lat' dir='ltr'><strong>et</strong></span> <span class='ocrx_word' id='word_1_77' title='bbox 175 1317 494 1377; x_wconf 85' lang='lat' dir='ltr'><strong>repartitione</strong></span> <span class='ocrx_word' id='word_1_78' title='bbox 529 1334 739 1361; x_wconf 85' lang='lat' dir='ltr'><strong>onerum</strong></span> <span class='ocrx_word' id='word_1_79' title='bbox 773 1316 1146 1377; x_wconf 76' lang='lat' dir='ltr'><strong>proportionale</strong></span> <span class='ocrx_word' id='word_1_80' title='bbox 1180 1312 1358 1359; x_wconf 81' lang='lat' dir='ltr'><strong>alicubi</strong></span> <span class='ocrx_word' id='word_1_81' title='bbox 1396 1329 1500 1357; x_wconf 88' lang='lat' dir='ltr'><strong>sur-</strong></span> 
     </span>
     <span class='ocr_line' id='line_1_17' title="bbox 92 1393 1496 1451; baseline -0.002 -11"><span class='ocrx_word' id='word_1_82' title='bbox 92 1396 219 1440; x_wconf 86' lang='lat' dir='ltr'><strong>rexit</strong></span> <span class='ocrx_word' id='word_1_83' title='bbox 242 1395 545 1451; x_wconf 76' lang='lat' dir='ltr'><strong>institutum,</strong></span> <span class='ocrx_word' id='word_1_84' title='bbox 582 1397 772 1442; x_wconf 85' lang='lat' dir='ltr'><strong>nullum</strong></span> <span class='ocrx_word' id='word_1_85' title='bbox 806 1403 1004 1440; x_wconf 85' lang='lat' dir='ltr'><strong>mutuae</strong></span> <span class='ocrx_word' id='word_1_86' title='bbox 1043 1394 1376 1439; x_wconf 81' lang='lat' dir='ltr'><strong>correlationis</strong></span> <span class='ocrx_word' id='word_1_87' title='bbox 1413 1393 1496 1437; x_wconf 76' lang='lat' dir='ltr'><strong>ad-</strong></span> 
     </span>
     <span class='ocr_line' id='line_1_18' title="bbox 88 1473 1485 1537; baseline -0.004 -16"><span class='ocrx_word' id='word_1_88' title='bbox 88 1476 344 1525; x_wconf 74' lang='lat' dir='ltr'><strong>inventum</strong></span> <span class='ocrx_word' id='word_1_89' title='bbox 376 1483 610 1536; x_wconf 78' lang='lat' dir='ltr'><strong>systema,</strong></span> <span class='ocrx_word' id='word_1_90' title='bbox 649 1474 779 1536; x_wconf 83' lang='lat' dir='ltr'><strong>quod</strong></span> <span class='ocrx_word' id='word_1_91' title='bbox 814 1475 914 1537; x_wconf 86' lang='lat' dir='ltr'><strong>jam</strong></span> <span class='ocrx_word' id='word_1_92' title='bbox 945 1475 995 1519; x_wconf 90' lang='lat' dir='ltr'><strong>in</strong></span> <span class='ocrx_word' id='word_1_93' title='bbox 1029 1473 1334 1518; x_wconf 80' lang='lat' dir='ltr'><strong>incunabulis</strong></span> <span class='ocrx_word' id='word_1_94' title='bbox 1385 1473 1485 1517; x_wconf 81' lang='lat' dir='ltr'><strong>suis</strong></span> 
     </span>
     <span class='ocr_line' id='line_1_19' title="bbox 90 1552 1489 1611; baseline -0.004 -11"><span class='ocrx_word' id='word_1_95' title='bbox 90 1552 307 1601; x_wconf 83' lang='lat' dir='ltr'><strong>numeris</strong></span> <span class='ocrx_word' id='word_1_96' title='bbox 346 1552 573 1598; x_wconf 84' lang='lat' dir='ltr'><strong>omnibus</strong></span> <span class='ocrx_word' id='word_1_97' title='bbox 609 1553 914 1611; x_wconf 72' lang='lat' dir='ltr'><strong>absolutum,</strong></span> <span class='ocrx_word' id='word_1_98' title='bbox 961 1552 1136 1598; x_wconf 87' lang='lat' dir='ltr'><strong>iisdem</strong></span> <span class='ocrx_word' id='word_1_99' title='bbox 1164 1554 1249 1597; x_wconf 82' lang='lat' dir='ltr'><strong>sub</strong></span> <span class='ocrx_word' id='word_1_100' title='bbox 1283 1553 1489 1596; x_wconf 77' lang='lat' dir='ltr'><strong>circum-</strong></span> 
     </span>
     <span class='ocr_line' id='line_1_20' title="bbox 89 1631 1489 1696; baseline -0.004 -15"><span class='ocrx_word' id='word_1_101' title='bbox 89 1635 277 1682; x_wconf 85' lang='lat' dir='ltr'><strong>stantiis</strong></span> <span class='ocrx_word' id='word_1_102' title='bbox 317 1642 367 1680; x_wconf 88' lang='lat' dir='ltr'><strong>et</strong></span> <span class='ocrx_word' id='word_1_103' title='bbox 403 1635 641 1681; x_wconf 77' lang='lat' dir='ltr'><strong>limitibus</strong></span> <span class='ocrx_word' id='word_1_104' title='bbox 680 1633 1044 1696; x_wconf 72' lang='lat' dir='ltr'><strong>perennitatem</strong></span> <span class='ocrx_word' id='word_1_105' title='bbox 1078 1633 1361 1679; x_wconf 76' lang='lat' dir='ltr'><strong>existentiae</strong></span> <span class='ocrx_word' id='word_1_106' title='bbox 1396 1631 1489 1676; x_wconf 83' lang='lat' dir='ltr'><strong>sibi</strong></span> 
     </span>
     <span class='ocr_line' id='line_1_21' title="bbox 88 1710 1495 1778; baseline -0.004 -17"><span class='ocrx_word' id='word_1_107' title='bbox 88 1716 316 1778; x_wconf 83' lang='lat' dir='ltr'><strong>polliceri</strong></span> <span class='ocrx_word' id='word_1_108' title='bbox 345 1715 511 1778; x_wconf 79' lang='lat' dir='ltr'><strong>possit.</strong></span> <span class='ocrx_word' id='word_1_109' title='bbox 568 1714 827 1761; x_wconf 80' lang='lat' dir='ltr'><strong>Rationem</strong></span> <span class='ocrx_word' id='word_1_110' title='bbox 857 1731 1141 1777; x_wconf 79' lang='lat' dir='ltr'><strong>progressus</strong></span> <span class='ocrx_word' id='word_1_111' title='bbox 1165 1710 1495 1762; x_wconf 65' lang='lat' dir='ltr'><strong>successivam</strong></span> 
     </span>
     <span class='ocr_line' id='line_1_22' title="bbox 89 1791 1499 1858; baseline -0.003 -17"><span class='ocrx_word' id='word_1_112' title='bbox 89 1798 141 1842; x_wconf 85' lang='lat' dir='ltr'><strong>in</strong></span> <span class='ocrx_word' id='word_1_113' title='bbox 177 1796 402 1842; x_wconf 83' lang='lat' dir='ltr'><strong>omnibus</strong></span> <span class='ocrx_word' id='word_1_114' title='bbox 449 1811 612 1840; x_wconf 87' lang='lat' dir='ltr'><strong>cursus</strong></span> <span class='ocrx_word' id='word_1_115' title='bbox 651 1795 878 1858; x_wconf 82' lang='lat' dir='ltr'><strong>politicus</strong></span> <span class='ocrx_word' id='word_1_116' title='bbox 930 1801 1146 1840; x_wconf 82' lang='lat' dir='ltr'><strong>testatur.</strong></span> <span class='ocrx_word' id='word_1_117' title='bbox 1258 1791 1401 1857; x_wconf 78' lang='lat' dir='ltr'><strong>Quod</strong></span> <span class='ocrx_word' id='word_1_118' title='bbox 1442 1791 1499 1837; x_wconf 83' lang='lat' dir='ltr'><strong>in</strong></span> 
     </span>
     <span class='ocr_line' id='line_1_23' title="bbox 93 1875 1498 1940; baseline -0.001 -19"><span class='ocrx_word' id='word_1_119' title='bbox 93 1876 325 1939; x_wconf 83' lang='lat' dir='ltr'><strong>adoptata</strong></span> <span class='ocrx_word' id='word_1_120' title='bbox 381 1877 682 1940; x_wconf 77' lang='lat' dir='ltr'><strong>ejectationis</strong></span> <span class='ocrx_word' id='word_1_121' title='bbox 744 1876 1072 1932; x_wconf 82' lang='lat' dir='ltr'><strong>constitutivi,</strong></span> <span class='ocrx_word' id='word_1_122' title='bbox 1134 1875 1498 1921; x_wconf 83' lang='lat' dir='ltr'><strong>beneficiorum</strong></span> 
     </span>
     <span class='ocr_line' id='line_1_24' title="bbox 91 1955 1497 2020; baseline 0.001 -18"><span class='ocrx_word' id='word_1_123' title='bbox 91 1958 214 2002; x_wconf 83' lang='lat' dir='ltr'><strong>item</strong></span> <span class='ocrx_word' id='word_1_124' title='bbox 242 1965 509 2003; x_wconf 85' lang='lat' dir='ltr'><strong>etonerum</strong></span> <span class='ocrx_word' id='word_1_125' title='bbox 524 1973 717 2015; x_wconf 82' lang='lat' dir='ltr'><strong>norma,</strong></span> <span class='ocrx_word' id='word_1_126' title='bbox 738 1958 831 2002; x_wconf 90' lang='lat' dir='ltr'><strong>hoc</strong></span> <span class='ocrx_word' id='word_1_127' title='bbox 853 1965 1080 2020; x_wconf 80' lang='lat' dir='ltr'><strong>tempore</strong></span> <span class='ocrx_word' id='word_1_128' title='bbox 1098 1956 1237 2001; x_wconf 85' lang='lat' dir='ltr'><strong>nobis</strong></span> <span class='ocrx_word' id='word_1_129' title='bbox 1264 1958 1414 2002; x_wconf 81' lang='lat' dir='ltr'><strong>relate</strong></span> <span class='ocrx_word' id='word_1_130' title='bbox 1432 1955 1497 2003; x_wconf 78' lang='lat' dir='ltr'><strong>ad</strong></span> 
     </span>
     <span class='ocr_line' id='line_1_25' title="bbox 26 2036 1494 2098; baseline 0 -15"><span class='ocrx_word' id='word_1_131' title='bbox 26 2091 27 2096; x_wconf 12' lang='grc' dir='ltr'><strong>Ἰ</strong></span> <span class='ocrx_word' id='word_1_132' title='bbox 90 2039 283 2084; x_wconf 85' lang='lat' dir='ltr'><strong>colonos</strong></span> <span class='ocrx_word' id='word_1_133' title='bbox 303 2041 535 2097; x_wconf 79' lang='lat' dir='ltr'><strong>salutare,</strong></span> <span class='ocrx_word' id='word_1_134' title='bbox 567 2047 614 2084; x_wconf 88' lang='lat' dir='ltr'><strong>et</strong></span> <span class='ocrx_word' id='word_1_135' title='bbox 642 2039 805 2084; x_wconf 82' lang='lat' dir='ltr'><strong>habita</strong></span> <span class='ocrx_word' id='word_1_136' title='bbox 838 2045 1124 2084; x_wconf 81' lang='lat' dir='ltr'><strong>cunctorum</strong></span> <span class='ocrx_word' id='word_1_137' title='bbox 1148 2036 1494 2098; x_wconf 76' lang='lat' dir='ltr'><strong>adjunctorum</strong></span> 
     </span>
     <span class='ocr_line' id='line_1_26' title="bbox 89 2120 1489 2185; baseline -0.004 -18"><span class='ocrx_word' id='word_1_138' title='bbox 89 2123 355 2169; x_wconf 85' lang='lat' dir='ltr'><strong>reflexione</strong></span> <span class='ocrx_word' id='word_1_139' title='bbox 370 2123 503 2167; x_wconf 86' lang='lat' dir='ltr'><strong>velut</strong></span> <span class='ocrx_word' id='word_1_140' title='bbox 515 2122 564 2169; x_wconf 89' lang='lat' dir='ltr'><strong>in</strong></span> <span class='ocrx_word' id='word_1_141' title='bbox 577 2121 832 2185; x_wconf 80' lang='lat' dir='ltr'><strong>principiis</strong></span> <span class='ocrx_word' id='word_1_142' title='bbox 858 2120 1046 2177; x_wconf 80' lang='lat' dir='ltr'><strong>stabile,</strong></span> <span class='ocrx_word' id='word_1_143' title='bbox 1074 2127 1121 2164; x_wconf 82' lang='lat' dir='ltr'><strong>et</strong></span> <span class='ocrx_word' id='word_1_144' title='bbox 1136 2120 1489 2175; x_wconf 83' lang='lat' dir='ltr'><strong>necessarium,</strong></span> 
     </span>
     <span class='ocr_line' id='line_1_27' title="bbox 33 2190 1493 2267; baseline -0.006 -18"><span class='ocrx_word' id='word_1_145' title='bbox 33 2221 38 2227; x_wconf 94' lang='lat'>·</span> <span class='ocrx_word' id='word_1_146' title='bbox 93 2205 313 2267; x_wconf 86' lang='lat' dir='ltr'><strong>adeoque</strong></span> <span class='ocrx_word' id='word_1_147' title='bbox 367 2190 538 2249; x_wconf 86' lang='lat' dir='ltr'><strong>obtutu</strong></span> <span class='ocrx_word' id='word_1_148' title='bbox 589 2201 1024 2248; x_wconf 78' lang='lat' dir='ltr'><strong>administrationis</strong></span> <span class='ocrx_word' id='word_1_149' title='bbox 1072 2199 1298 2262; x_wconf 85' lang='lat' dir='ltr'><strong>publicae</strong></span> <span class='ocrx_word' id='word_1_150' title='bbox 1342 2214 1493 2261; x_wconf 74' lang='lat' dir='ltr'><strong>porro</strong></span> 
     </span>
     <span class='ocr_line' id='line_1_28' title="bbox 93 2279 1491 2344; baseline -0.004 -14"><span class='ocrx_word' id='word_1_151' title='bbox 93 2281 523 2331; x_wconf 79' lang='lat' dir='ltr'><strong>manutenendum</strong></span> <span class='ocrx_word' id='word_1_152' title='bbox 553 2302 650 2331; x_wconf 82' lang='lat' dir='ltr'><strong>esse</strong></span> <span class='ocrx_word' id='word_1_153' title='bbox 678 2283 904 2339; x_wconf 83' lang='lat' dir='ltr'><strong>videtur,</strong></span> <span class='ocrx_word' id='word_1_154' title='bbox 958 2298 1058 2327; x_wconf 90' lang='lat' dir='ltr'><strong>non</strong></span> <span class='ocrx_word' id='word_1_155' title='bbox 1088 2283 1300 2344; x_wconf 86' lang='lat' dir='ltr'><strong>amplius</strong></span> <span class='ocrx_word' id='word_1_156' title='bbox 1326 2279 1491 2325; x_wconf 85' lang='lat' dir='ltr'><strong>nefors</strong></span> 
     </span>
     <span class='ocr_line' id='line_1_29' title="bbox 92 2360 1494 2425; baseline -0.006 -13"><span class='ocrx_word' id='word_1_157' title='bbox 92 2365 357 2412; x_wconf 85' lang='lat' dir='ltr'><strong>successive</strong></span> <span class='ocrx_word' id='word_1_158' title='bbox 399 2367 570 2411; x_wconf 88' lang='lat' dir='ltr'><strong>eodem</strong></span> <span class='ocrx_word' id='word_1_159' title='bbox 606 2383 663 2411; x_wconf 85' lang='lat' dir='ltr'><strong>ex</strong></span> <span class='ocrx_word' id='word_1_160' title='bbox 697 2362 994 2410; x_wconf 85' lang='lat' dir='ltr'><strong>necessitatis</strong></span> <span class='ocrx_word' id='word_1_161' title='bbox 1037 2363 1162 2408; x_wconf 83' lang='lat' dir='ltr'><strong>visus</strong></span> <span class='ocrx_word' id='word_1_162' title='bbox 1200 2369 1386 2425; x_wconf 85' lang='lat' dir='ltr'><strong>puncto</strong></span> <span class='ocrx_word' id='word_1_163' title='bbox 1413 2360 1494 2405; x_wconf 80' lang='lat' dir='ltr'><strong>ad-</strong></span> 
     </span>
     <span class='ocr_line' id='line_1_30' title="bbox 94 2443 1494 2510; baseline -0.004 -18"><span class='ocrx_word' id='word_1_164' title='bbox 94 2454 290 2510; x_wconf 82' lang='lat' dir='ltr'><strong>optatae</strong></span> <span class='ocrx_word' id='word_1_165' title='bbox 309 2463 510 2492; x_wconf 84' lang='lat' dir='ltr'><strong>normae</strong></span> <span class='ocrx_word' id='word_1_166' title='bbox 526 2447 670 2503; x_wconf 78' lang='lat' dir='ltr'><strong>ratio,</strong></span> <span class='ocrx_word' id='word_1_167' title='bbox 717 2445 894 2491; x_wconf 83' lang='lat' dir='ltr'><strong>iisdem</strong></span> <span class='ocrx_word' id='word_1_168' title='bbox 920 2443 1160 2488; x_wconf 81' lang='lat' dir='ltr'><strong>limitibus</strong></span> <span class='ocrx_word' id='word_1_169' title='bbox 1190 2444 1494 2490; x_wconf 79' lang='lat' dir='ltr'><strong>circumscri-</strong></span> 
     </span>
     <span class='ocr_line' id='line_1_31' title="bbox 92 2526 1497 2591; baseline -0.001 -19"><span class='ocrx_word' id='word_1_170' title='bbox 92 2535 175 2590; x_wconf 87' lang='lat' dir='ltr'><strong>pta</strong></span> <span class='ocrx_word' id='word_1_171' title='bbox 201 2534 439 2590; x_wconf 83' lang='lat' dir='ltr'><strong>patescet3</strong></span> <span class='ocrx_word' id='word_1_172' title='bbox 479 2529 737 2591; x_wconf 79' lang='lat' dir='ltr'><strong>pluraque,</strong></span> <span class='ocrx_word' id='word_1_173' title='bbox 767 2543 889 2590; x_wconf 76' lang='lat' dir='ltr'><strong>quae</strong></span> <span class='ocrx_word' id='word_1_174' title='bbox 910 2526 1104 2587; x_wconf 82' lang='lat' dir='ltr'><strong>spiritus</strong></span> <span class='ocrx_word' id='word_1_175' title='bbox 1137 2526 1373 2588; x_wconf 85' lang='lat' dir='ltr'><strong>temporis</strong></span> <span class='ocrx_word' id='word_1_176' title='bbox 1405 2543 1497 2587; x_wconf 85' lang='lat' dir='ltr'><strong>pro</strong></span> 
     </span>
     <span class='ocr_line' id='line_1_32' title="bbox 100 2605 1494 2672; baseline -0.001 -19"><span class='ocrx_word' id='word_1_177' title='bbox 100 2609 264 2654; x_wconf 84' lang='lat' dir='ltr'><strong>indole</strong></span> <span class='ocrx_word' id='word_1_178' title='bbox 290 2607 423 2672; x_wconf 76' lang='lat' dir='ltr'><strong>genii</strong></span> <span class='ocrx_word' id='word_1_179' title='bbox 446 2609 702 2665; x_wconf 77' lang='lat' dir='ltr'><strong>mutanda,</strong></span> <span class='ocrx_word' id='word_1_180' title='bbox 755 2615 837 2653; x_wconf 87' lang='lat' dir='ltr'><strong>aut</strong></span> <span class='ocrx_word' id='word_1_181' title='bbox 866 2606 1039 2651; x_wconf 82' lang='lat' dir='ltr'><strong>obtutu</strong></span> <span class='ocrx_word' id='word_1_182' title='bbox 1065 2606 1249 2652; x_wconf 89' lang='lat' dir='ltr'><strong>defixae</strong></span> <span class='ocrx_word' id='word_1_183' title='bbox 1276 2606 1328 2650; x_wconf 91' lang='lat' dir='ltr'><strong>in</strong></span> <span class='ocrx_word' id='word_1_184' title='bbox 1349 2605 1494 2652; x_wconf 83' lang='lat' dir='ltr'><strong>bene-</strong></span> 
     </span>
     <span class='ocr_line' id='line_1_33' title="bbox 94 2688 1488 2752; baseline -0.003 -17"><span class='ocrx_word' id='word_1_185' title='bbox 94 2690 206 2735; x_wconf 86' lang='lat' dir='ltr'><strong>ficio</strong></span> <span class='ocrx_word' id='word_1_186' title='bbox 239 2698 286 2735; x_wconf 90' lang='lat' dir='ltr'><strong>et</strong></span> <span class='ocrx_word' id='word_1_187' title='bbox 316 2706 464 2736; x_wconf 82' lang='lat' dir='ltr'><strong>onere</strong></span> <span class='ocrx_word' id='word_1_188' title='bbox 494 2688 824 2752; x_wconf 81' lang='lat' dir='ltr'><strong>proportionis</strong></span> <span class='ocrx_word' id='word_1_189' title='bbox 851 2688 1159 2733; x_wconf 82' lang='lat' dir='ltr'><strong>rectificanda</strong></span> <span class='ocrx_word' id='word_1_190' title='bbox 1178 2695 1369 2749; x_wconf 85' lang='lat' dir='ltr'><strong>poscet,</strong></span> <span class='ocrx_word' id='word_1_191' title='bbox 1405 2703 1488 2731; x_wconf 85' lang='lat' dir='ltr'><strong>no-</strong></span> 
     </span>
     <span class='ocr_line' id='line_1_34' title="bbox 96 2767 1490 2833; baseline -0.004 -16"><span class='ocrx_word' id='word_1_192' title='bbox 96 2786 207 2818; x_wconf 74' lang='lat' dir='ltr'><strong>vam</strong></span> <span class='ocrx_word' id='word_1_193' title='bbox 245 2770 421 2819; x_wconf 82' lang='lat' dir='ltr'><strong>faciem</strong></span> <span class='ocrx_word' id='word_1_194' title='bbox 460 2770 697 2827; x_wconf 80' lang='lat' dir='ltr'><strong>induent,</strong></span> <span class='ocrx_word' id='word_1_195' title='bbox 755 2784 1039 2833; x_wconf 87' lang='lat' dir='ltr'><strong>novumque</strong></span> <span class='ocrx_word' id='word_1_196' title='bbox 1084 2767 1338 2832; x_wconf 77' lang='lat' dir='ltr'><strong>defigendo</strong></span> <span class='ocrx_word' id='word_1_197' title='bbox 1377 2767 1490 2814; x_wconf 75' lang='lat' dir='ltr'><strong>huic</strong></span> 
     </span>
    </p>
   </div>
   <div class='ocr_carea' id='block_1_6' title="bbox 1654 2085 1669 2120">
    <p class='ocr_par' dir='ltr' id='par_1_8' title="bbox 1654 2085 1669 2120">
     <span class='ocr_line' id='line_1_35' title="bbox 1654 2085 1669 2120; baseline 0.2 -3"><span class='ocrx_word' id='word_1_198' title='bbox 1654 2085 1669 2120; x_wconf 58' lang='lat' dir='ltr'><strong>t·</strong></span> 
     </span>
    </p>
   </div>
  </div>
 </body>
</html>
