1669 3189
735 195 805 207 ...-
862 174 948 212 51⁴)
1008 195 1075 206 uw-

618 274 990 337 CAPUT
1054 275 1191 339 VII.

202 413 298 475 De
338 406 558 484 justitia
594 401 811 461 colonis
856 402 1327 468 administranda,
1371 415 1431 460 et
1467 420 1592 477 pro—

556 481 809 539 cessibus
844 480 1233 539 urbarialibuS.

454 641 834 688 DECISIO
890 640 1333 687 CURIALIS.

207 745 293 789 De
332 753 528 801 poena
566 735 992 780 saevientium
1027 735 1092 780 in
1127 734 1388 778 colonos
1422 730 1600 792 juxta

205 819 614 867 decisionem
663 817 1013 871 curialem,
1085 823 1142 860 et
1193 815 1266 859 de
1301 809 1600 876 profugis

305 899 550 945 colonis
589 896 866 957 amplius
901 912 1025 940 non
1062 894 1494 942 redeuntibus.

337 1015 601 1073 Comperto
633 1025 707 1063 en,
745 1007 875 1069 quod
898 1006 1126 1052 dominus
1152 1006 1395 1053 terrestris
1421 1006 1470 1050 iu
1497 1005 1605 1050 suh-

207 1095 330 1139 ditos
360 1090 609 1145 saevierit,
666 1088 774 1132 illos
810 1086 1139 1149 oppresserit,
1200 1086 1260 1130 ab
1294 1086 1471 1131 iisdem
1511 1087 1602 1132 sub

207 1175 354 1220 variis
384 1168 716 1234 praetextibus
747 1169 962 1230 illegales
998 1167 1371 1230 praetensiones
1399 1172 1603 1210 extorsea

207 1255 307 1310 rit,
356 1253 471 1314 quin
506 1252 607 1294 imo
637 1248 759 1293 citra
788 1249 919 1292 viam
947 1248 1072 1310 juris
1094 1246 1264 1292 fundos
1293 1245 1494 1292 illorum
1526 1245 1607 1290 ad*-

208 1332 415 1388 emerit,
470 1330 603 1374 idem
638 1329 865 1373 dominus
902 1329 1149 1372 terrestris
1192 1344 1290 1373 non
1317 1333 1508 1372 tantum
1547 1325 1610 1371 ad

209 1411 516 1477 quantumvis
566 1409 834 1471 illegalium
890 1408 1247 1464 extorsionum,
1313 1407 1609 1451 damnorum

210 1497 332 1540 item
378 1499 426 1537 et
466 1489 764 1552 injuriarum
811 1489 1283 1549 compensationem,
1347 1487 1603 1532 fructuum

215 1575 379 1619 medio
435 1579 660 1632 tempore
704 1567 883 1612 abinde
928 1576 1280 1630 perceptorum
1339 1568 1605 1614 restitutio-

213 1670 363 1707 nem,
422 1651 504 1696 sed
553 1648 700 1693 etiam
739 1655 1034 1710 praeterea,
1106 1649 1143 1693 si
1189 1650 1419 1693 colonum
1462 1664 1607 1693 suum

214 1733 319 1779 sine
354 1729 576 1793 legitima
605 1743 745 1773 causa
781 1728 1037 1771 verberari
1077 1734 1243 1782 curet,
1298 1728 1374 1772 vel
1402 1727 1608 1771 modum

215 1822 263 1857 et
302 1826 586 1856 mensuram
626 1809 676 1853 in
722 1806 1029 1851 verberando
1075 1806 1298 1862 excedat,
1372 1806 1614 1852 eiusmodi

216 1893 424 1939 verbera
449 1908 534 1935 seu
567 1887 922 1934 detrimentum
945 1887 1161 1948 corporis
1183 1888 1366 1932 mulcta
1386 1887 1615 1950 pecunia-

214 1975 291 2021 ria
348 1974 480 2036 juxta
523 1970 740 2033 prudens
786 1968 965 2031 judicis
1011 1968 1271 2013 arbitrium
1313 1968 1614 2031 imponenda

218 2069 537 2117 compensare
565 2058 783 2106 tenetur,
829 2064 981 2112 porro
1017 2049 1057 2094 si
1093 2051 1154 2094 ob
1182 2050 1433 2095 saevitiem
1460 2049 1616 2093 domi-

213 2137 264 2181 ni
292 2133 559 2189 terrestris,
603 2139 685 2175 siut
711 2139 917 2193 propter
947 2146 1159 2176 excessus
1192 2128 1410 2190 ejusdem
1434 2134 1610 2174 contra

216 2213 474 2260 urbarium
510 2213 736 2259 comissos
761 2211 918 2256 coloni
947 2209 1241 2273 profugiant‚
1277 2209 1330 2253 in
1369 2209 1455 2254 tali
1493 2225 1606 2254 casu

217 2295 353 2340 idem
384 2295 610 2339 dominus
659 2292 907 2339 terrestris
943 2291 992 2336 in
1029 2291 1258 2353 homagio
1297 2289 1475 2353 singuli
1503 2305 1615 2351 pro-

214 2374 317 2437 fugi
355 2375 511 2419 coloni
541 2373 600 2418 fr.
635 2382 696 2428 40
724 2372 942 2419 convinci
975 2373 1122 2426 solet,
1191 2370 1321 2415 circa
1356 2368 1608 2414 facultates

221 2470 335 2498 vero
364 2455 535 2500 talium
572 2454 889 2510 colonorum,
940 2452 978 2496 si
1018 2452 1216 2495 colonus
1244 2448 1480 2513 profugus
1518 2464 1618 2494 Μη-

222 2533 348 2592 plius
381 2552 477 2579 non
511 2535 707 2590 redeat,
765 2535 837 2579 vel
871 2539 1023 2578 semet
1053 2549 1150 2576 non
1196 2531 1431 2585 insinuet,
1499 2529 1616 2573 haec

225 2627 401 2656 norma
431 2615 677 2661 observari
710 2614 874 2670 debet,
926 2621 978 2658 ut
1005 2613 1227 2675 primum
1252 2619 1297 2657 et
1317 2616 1428 2656 ante
1452 2608 1619 2653 omnia

228 2707 284 2735 ex
341 2690 434 2734 illis
492 2694 755 2738 restantiae
813 2693 1245 2739 contributionales
1296 2689 1618 2741 deducantur,

227 2770 492 2816 substantia
536 2781 700 2818 autem
737 2774 914 2820 abinde
966 2775 1205 2820 resultans
1251 2772 1301 2817 in
1363 2767 1619 2832 publicum
