1669 3189
703 257 772 268 ma
832 233 914 276 356
973 255 1041 266 ww

197 343 257 386 ad
279 341 431 395 hanc,
472 339 547 383 vel
585 338 717 381 illam
748 336 800 379 in
821 333 1045 396 specifico
1084 334 1358 380 distantiam
1391 334 1584 381 subdito

197 420 363 465 veniat
402 414 709 478 acceptanda.

331 498 369 557 ᾗ.
400 510 443 545 5.
479 493 762 540 Admittitur
802 509 983 557 porro,
1036 499 1090 538 ut
1124 509 1148 537 a
1186 493 1444 539 remotiori
1476 495 1585 539 loco

195 579 389 623 mediae
433 592 608 637 nempe
655 575 782 632 diei,
841 575 918 620 vel
948 573 1121 634 majori
1162 573 1310 618 etiam
1356 573 1585 618 distantia

196 657 389 701 veniens
413 655 632 701 subditus
662 639 859 718 praevie
891 656 948 700 de
970 655 1060 699 hoc
1084 654 1262 698 itinere
1279 685 1290 705 ‚
1344 661 1389 697 et
1415 654 1584 698 labore

199 742 425 796 edoctus,
462 745 513 784 ut
536 755 584 783 se
611 738 663 782 in
691 738 902 783 eundem
930 751 1104 798 parare
1135 734 1317 796 possit,
1375 739 1584 794 quatuor

197 822 365 866 diebus
387 836 485 864 una
508 835 618 863 cum
644 818 714 862 itu
729 824 773 862 et
788 817 951 862 reditu
970 814 1308 876 computandis
1324 813 1370 855 in
1392 813 1588 856 robotta

196 918 278 946 seu
312 899 557 953 manuali,
595 915 682 944 seu
710 914 825 942 vero
859 896 1011 959 jugali
1035 894 1243 939 detineri
1275 893 1440 953 possit,
1493 908 1589 953 quo

196 983 247 1026 in
296 996 406 1025 casu
448 979 709 1041 pecoribus
750 985 924 1022 aestate
977 978 1035 1020 de
1093 971 1353 1020 sufficienti
1396 987 1590 1033 pascuo,

196 1061 362 1106 hieme
408 1076 524 1104 vero
574 1066 673 1102 tam
712 1058 907 1113 colono,
957 1073 1103 1119 quam
1143 1063 1189 1099 et
1224 1052 1485 1116 pecoribus
1531 1053 1590 1097 de

196 1139 470 1185 necessaria
507 1138 850 1184 commoditate
880 1154 968 1198 per
1013 1136 1268 1181 dominum
1304 1141 1592 1180 terrestrem

195 1220 600 1281 prospiciendum
622 1217 732 1260 erit.

329 1304 365 1347 ᾗ.
394 1304 436 1347 4.
475 1298 527 1338 In
565 1294 735 1348 unius,
783 1292 860 1336 vel
893 1291 954 1334 ad
998 1307 1247 1337 summum
1273 1293 1593 1338 semialterius

194 1377 346 1421 horae
375 1371 664 1427 distantiae,
711 1370 965 1416 mensibus
994 1372 1277 1427 novembri,
1324 1373 1591 1429 decembri,

195 1455 381 1518 januar.
418 1462 464 1499 et
485 1452 608 1501 febr.
636 1452 923 1513 crepuscula
953 1450 1251 1495 matutinum
1282 1459 1329 1496 et
1357 1453 1594 1513 vesperti-
1656 1496 1660 1500 .

194 1553 314 1581 num
341 1534 431 1579 itui
463 1541 510 1577 et
537 1532 721 1578 reditui
745 1533 812 1577 ita
841 1532 1144 1588 deserviant,
1196 1538 1249 1576 ut
1272 1533 1470 1577 domino
1497 1540 1592 1577 tera

196 1615 343 1660 restri
386 1632 413 1659 a
443 1614 550 1659 solis
582 1619 695 1657 ortu
734 1628 887 1674 usque
919 1612 981 1654 ad
1012 1627 1234 1656 occasum
1268 1611 1409 1655 realis
1444 1611 1587 1656 labor

199 1695 456 1757 obtingat,
524 1693 627 1737 aliis
657 1708 774 1738 vero
818 1692 1063 1737 mensibus
1085 1691 1134 1736 in
1165 1692 1292 1753 ipsas
1325 1691 1588 1737 servitutes

200 1790 227 1817 a
262 1774 374 1818 solis
418 1780 529 1818 ortu
569 1790 720 1835 usque
756 1788 974 1817 occasum
1011 1771 1322 1833 praestandas
1357 1777 1455 1815 tam
1494 1772 1588 1817 itus

200 1869 344 1914 quam
367 1852 550 1898 reditus
585 1852 877 1914 imputetur.

336 1931 374 1991 ᾗ.
402 1944 442 1979 5.
479 1934 728 1994 Tempore
765 1932 1062 1985 falcaturae,
1098 1930 1295 1986 messis,
1345 1939 1394 1975 et
1416 1931 1583 1976 vinde-

198 2012 415 2057 miarum
443 2012 660 2056 culturae
693 2013 884 2056 robotta
907 2028 992 2055 seu
1026 2009 1200 2073 jugalis
1227 2027 1311 2055 seu
1341 2027 1458 2057 vero
1487 2029 1586 2058 ma-

195 2092 354 2138 nualis
393 2093 669 2153 dupplicato
716 2093 1028 2154 perficiatur,
1082 2092 1132 2137 in
1169 2091 1384 2155 reliquas
1410 2093 1590 2138 hebdo-

1210 2169 1229 2188 0

198 2173 361 2218 madas
386 2171 689 2232 imputanda,

334 2251 372 2311 §.
395 2255 437 2299 6.
474 2252 569 2298 Ubi
604 2258 767 2296 autem
804 2251 863 2296 ad
897 2250 1066 2306 unius,
1129 2250 1206 2295 vel
1249 2252 1442 2296 mediae
1489 2251 1588 2298 diei

199 2330 479 2376 distantiam
505 2339 710 2393 propter
743 2331 1121 2395 imputationem
1143 2329 1266 2385 itus,
1325 2338 1371 2374 et
1397 2332 1584 2377 reditus
1635 2380 1660 2392 ῃ,

199 2413 442 2474 superiori
483 2419 520 2464 ᾗ.
552 2412 820 2458 admissum
855 2419 951 2468 est,
1011 2418 1064 2455 ut
1095 2411 1312 2455 subditus
1350 2428 1446 2468 una
1474 2429 1586 2459 cum

198 2490 270 2535 itu
302 2497 349 2534 et
393 2490 557 2535 reditu
581 2498 787 2554 quatuor
820 2491 1064 2536 continuis
1103 2491 1273 2536 diebus
1315 2492 1365 2536 in
1389 2491 1586 2538 rohotta
1648 2484 1660 2490 Ἣ

201 2569 410 2614 detineri
438 2572 609 2631 possit,
644 2571 714 2616 ihi
744 2572 794 2616 id
817 2571 978 2634 ipsum
1003 2572 1254 2616 occasione
1289 2589 1584 2634 praerecen-
1644 2608 1646 2610 ψ

199 2652 407 2696 sitorum
438 2650 733 2699 serventium
756 2652 981 2697 laborum
1017 2652 1069 2696 in
1094 2653 1362 2714 praemisso
1396 2653 1583 2715 longio-

198 2731 265 2774 ris
305 2730 556 2776 distantiae
584 2749 694 2777 casu
720 2733 794 2778 his
826 2734 876 2778 in
903 2749 1068 2778 mense
1106 2750 1163 2778 ea
1195 2734 1383 2778 ratione
1420 2732 1585 2794 repeti

198 2817 380 2871 potest,
416 2818 468 2856 ut
499 2812 696 2858 alternis
732 2813 891 2859 solum
923 2812 1237 2859 hebdomadis
1264 2812 1462 2859 domino
1483 2819 1578 2858 ter-
