1669 3189
712 196 776 205 -.Μ
836 177 921 232 594
980 196 1049 207 Μ.

195 287 395 344 gerent,
441 286 488 322 et
528 294 639 322 cum
671 280 885 343 benigne
934 279 1282 343 praestabilitis
1323 282 1583 345 regulatio-

194 360 267 406 nis
321 358 573 422 principiis
620 362 895 407 nullatenus
943 361 1194 408 conciliari
1251 372 1473 423 possent,
1516 365 1585 412 ita

194 441 283 485 hac
303 440 450 483 etiam
466 438 517 482 in
533 448 671 501 parte
692 443 1014 504 praetitulatis
1031 445 1093 488 D.
1110 440 1282 487 vestris
1303 444 1503 501 comitti,
1530 452 1585 489 ut

198 535 345 580 super
373 521 653 580 praemissis
693 523 960 568 defectibus
998 540 1095 568 non
1132 528 1323 568 tantum
1363 532 1586 586 respectu

193 599 580 661 querulantium,
598 605 678 649 sed
703 623 764 650 ne
781 613 882 651 acta
895 604 1161 650 urbarialia
1177 620 1273 648 non
1288 603 1392 648 sine
1413 620 1584 665 opero-

191 697 242 724 so
258 679 426 724 labore
444 683 675 729 continuo
692 686 961 731 modificari
979 686 1204 740 debeant,
1238 683 1290 729 in
1307 683 1412 729 aliis
1434 684 1582 729 etiam

189 759 306 804 locis
355 761 521 807 medio
571 767 917 826 exequentium
964 763 1410 828 magistratualium
1447 766 1586 810 adae-

192 847 364 901 quatae
395 842 786 904 investigationes
824 846 992 908 peragi
1017 851 1277 901 curentur,
1314 861 1368 890 ac
1397 861 1493 891 una
1521 845 1584 890 ef-

189 923 410 967 ficaciter
423 930 609 985 agatur,
631 931 684 967 ut
705 927 944 986 comperti
969 926 1317 971 rementionati
1351 927 1580 972 deffectus

185 1002 391 1048 indilate
438 1003 776 1065 corrigantur,
836 1012 885 1049 et
940 1006 1214 1052 exactiones
1262 1005 1477 1050 asundis
1521 1007 1580 1051 ad

194 1082 555 1146 regulationem
591 1084 893 1130 urbarialem
922 1102 1019 1131 non
1042 1083 1368 1147 spectantibus
1403 1084 1584 1130 incom-

182 1171 410 1226 petenter
454 1165 738 1225 desumptae
783 1162 1026 1223 injuriatis
1076 1180 1174 1209 una
1201 1179 1312 1209 cum
1347 1163 1580 1209 interesse

180 1246 506 1290 bonificentur
526 1279 538 1302 ,
575 1245 878 1305 sicque'actis
902 1245 1227 1290 urbarialibus
1250 1246 1340 1289 hac
1367 1242 1516 1287 etiam
1530 1243 1584 1288 in

182 1332 323 1387 parte
366 1326 424 1369 ad
444 1326 646 1387 plenam
678 1325 1046 1371 consistentiam
1070 1324 1370 1386 positis,non
1391 1329 1581 1367 tantum
1645 1349 1652 1353 -

180 1405 441 1449 ulteriores
472 1404 808 1462 confusiones,
845 1412 893 1450 et
926 1412 1085 1450 motus
1119 1405 1169 1449 in
1193 1405 1338 1466 plebe
1368 1411 1582 1462 antever-

180 1492 385 1541 tantur,
424 1486 510 1530 sed
545 1486 693 1531 etiam
718 1485 835 1547 ipsis
873 1485 1085 1530 dominis
1109 1485 1444 1541 terrestribus,
1480 1482 1584 1545 qui-

178 1566 266 1609 bus
312 1565 554 1626 superflue
598 1573 763 1610 exacta
798 1565 1063 1610 refundere
1087 1598 1100 1618 ,
1139 1572 1185 1609 et
1214 1563 1473 1626 injuriatos
1510 1563 1581 1607 in-

180 1645 383 1687 demnes
442 1644 656 1688 reddere
720 1660 916 1706 semper
965 1643 1245 1700 incumbet,
1283 1643 1576 1697 consulatur,

181 1725 308 1768 salva
350 1723 636 1784 ceteroquin
668 1724 882 1784 benigna
911 1723 1232 1783 dispo-sitione
1261 1723 1368 1778 illa,
1392 1728 1447 1766 ut
1469 1720 1573 1767 sun-

175 1803 264 1846 ‹los
298 1802 654 1863 extirpatitios,
699 1803 739 1846 si
786 1802 860 1845 his
894 1807 1098 1862 praeter
1124 1800 1411 1846 mercedem
1444 1800 1576 1845 'labo-

174 1880 241 1925 ris
276 1882 399 1924 nihil
435 1882 686 1937 inhaeret,
724 1880 1063 1926 conformitate
1105 1881 1151 1927 b.
1179 1879 1410 1926 normalis
1449 1897 1576 1925 reso-

174 1960 373 2006 lutionis
398 1994 412 2017 ,
463 1969 511 2006 et
553 1960 812 2023 respectivi
854 1960 1057 2023 benigni
1089 1961 1279 2007 urbarii
1314 1961 1482 2022 puncti
1525 1972 1570 2009 2.

175 2042 385 2086 dominis
434 2042 746 2086 terrestribus
813 2041 1033 2097 reluere,
1083 2047 1129 2086 et
1164 2040 1437 2086 volentibus
1465 2041 1574 2084 sub-

174 2123 284 2166 ditis
340 2121 392 2165 in
429 2127 610 2165 sortem
647 2120 911 2165 fundorum
956 2118 1291 2165 sessionalium
1326 2119 1573 2181 assignare
1632 2150 1636 2151 ν

172 2203 387 2247 liberum
432 2200 522 2257 sit,
561 2201 645 2263 qui
699 2217 814 2246 vero
866 2198 1007 2245 fundi
1046 2198 1331 2260 extirpatitii
1372 2198 1575 2243 summis

173 2280 546 2326 inhaerentibus
598 2282 755 2326 assecti
789 2288 930 2337 sunt,
980 2280 1153 2325 talium
1192 2278 1284 2324 nisi
1335 2295 1574 2324 annorum

172 2363 247 2405 vel
282 2360 636 2423 perpetuitatis
691 2361 993 2405 conditiones
1039 2360 1253 2416 obstent,
1299 2358 1353 2404 in
1390 2364 1572 2403 sortem

175 2443 475 2489 constitutivi
507 2442 914 2504 imputandorum
951 2441 1271 2487 investiturae
1295 2435 1579 2500 possessori·

173 2521 261 2566 bus
297 2524 388 2569 rite
415 2525 740 2585 depurentur.
