1669 3189
754 144 966 186 mbo&
1034 167 1100 183 m·

225 255 437 322 (Quoad
461 254 750 314 justiliam
777 266 844 295 ex
878 259 1034 309 parte
1071 253 1295 299 dominii
1321 261 1609 302 terr-estra-
1666 264 1668 269 “

287 324 358 366 lis
383 320 588 365 colonis
623 318 1134 362 administrandam.

357 443 426 477 12.
465 429 601 473 Circa
639 429 1059 473 contribuentium
1089 429 1416 490 querimonias
1457 432 1507 476 in
1554 447 1609 476 eo

224 511 429 574 positas,
486 510 614 569 quod
640 509 779 552 unius
822 508 1009 553 domini
1038 509 1280 554 terrestris
1312 509 1490 554 subditi
1521 527 1610 572 per

222 591 372 636 alium
391 588 489 633 sive
515 588 767 633 dominum
792 596 1096 645 terrestrem,
1120 591 1216 636 sive
1231 590 1373 651 hujus
1391 589 1608 635 subditos

221 669 447 728 injuriati
475 670 700 724 rebus‚et
729 670 979 733 signanter
1009 671 1267 731 pecoribus
1293 669 1388 714 suis
1414 669 1610 731 privati,

221 749 394 810 hisque
441 748 598 794 modis
639 765 767 811 pene
802 751 861 794 ad
891 750 1060 795 incitas
1090 750 1295 803 redacti,
1350 748 1608 811 publicum

219 845 310 890 pro
340 827 757 874 administratione
783 829 997 888 justitiae
1027 830 1375 891 interpellare,
1416 831 1475 874 ad
1505 845 1614 891 pro-

223 911 489 956 tectionem
536 909 853 953 dominorum
896 926 1099 954 suorum
1138 909 1450 955 terrestrium
1494 909 1616 953 rele-

222 998 428 1054 gentur,
478 990 602 1033 hanc
639 1005 787 1051 porro
822 989 890 1034 ibi
923 990 1279 1052 necquidquam
1307 995 1612 1052 quaerenteQ

220 1068 519 1130 injuriarum
557 1084 781 1124 suarum,
831 1068 1027 1130 penitus
1069 1067 1315 1124 oblivisci,
1363 1075 1409 1113 et
1441 1083 1613 1113 rerum

220 1165 422 1195 suarum
443 1149 682 1210 jacturam
713 1137 931 1193 extrema
959 1150 1209 1194 interdum
1235 1149 1307 1194 sui
1337 1165 1448 1195 cum
1469 1149 1614 1194 ruina

225 1230 358 1275 ferre
387 1237 641 1292 cogantur,
668 1230 993 1291 praetitulatis
1011 1231 1071 1274 D.
1093 1229 1261 1275 vestris
1289 1228 1527 1284 intimari,
1561 1234 1617 1273 ut

224 1329 337 1357 curn
376 1310 559 1355 subditi
584 1310 645 1355 ad
688 1309 915 1354 effectum
946 1308 1162 1370 justitiae
1206 1315 1368 1354 actore
1419 1306 1616 1352 destitui

223 1391 515 1452 nequirent,
562 1398 609 1434 et
631 1390 741 1435 ideo
765 1390 871 1452 lege
895 1389 1043 1434 etiam
1075 1388 1327 1450 provisum
1353 1386 1480 1434 foret
1497 1421 1510 1445 ,
1560 1393 1617 1431 ut

226 1470 442 1515 dominia
476 1471 778 1515 terrestralia
799 1469 1109 1515 subditorum
1129 1481 1329 1513 suorum
1352 1482 1531 1521 causaS,
1569 1472 1617 1510 et

223 1551 334 1594 lites
392 1563 799 1611 promovere,
868 1550 1242 1609 eosdemque
1289 1565 1400 1610 pro
1445 1547 1614 1590 bono

224 1630 373 1674 etiam
394 1628 590 1689 publico
615 1636 870 1691 protegere
899 1629 1137 1682 debeant,
1194 1644 1356 1672 casum
1391 1627 1441 1672 in
1481 1642 1613 1681 eum,

227 1711 265 1754 si
299 1701 518 1753 dominia
536 1708 835 1752 terrestralia
862 1707 1062 1767 praevie
1089 1706 1386 1750 commonita
1416 1704 1617 1750 subditis

227 1791 316 1834 hae
344 1790 392 1833 in
422 1795 560 1849 parte
589 1787 840 1842 deessent,
889 1787 1028 1831 fiscus
1053 1784 1426 1848 magistratualis
1451 1785 1512 1829 ad
1538 1800 1616 1829 eo-

227 1885 343 1913 rum
379 1883 606 1929 expensas
634 1868 685 1911 in
723 1866 830 1911 soro
866 1866 1171 1928 competenti
1213 1882 1371 1910 causas
1408 1864 1619 1909 subdito-

227 1964 338 1991 rum
386 1963 707 2009 promovere,
766 1945 984 2008 ipsisque
1020 1947 1110 1990 hac
1154 1945 1340 1990 ratione
1383 1943 1619 2005 justitiam

228 2042 516 2088 procurare,
553 2042 606 2070 ac
636 2025 799 2070 taliter
818 2026 1168 2071 conservationi
1193 2025 1615 2072 contribuentium

229 2106 320 2150 hoc
373 2123 564 2168 quoque
605 2105 657 2149 in
699 2123 842 2167 passu
878 2106 1187 2169 magistratus
1235 2104 1489 2150 comitatus
1531 2104 1618 2150 sub

229 2204 379 2233 onere
400 2186 723 2248 responsionis
759 2186 1043 2248 invigilare,
1100 2201 1371 2248 pacemque
1406 2192 1454 2230 et
1493 2192 1621 2231 tran-

231 2267 523 2329 quillitatem
553 2265 803 2327 publicam
834 2281 1115 2311 conservare
1140 2266 1332 2310 debeat.

234 2401 337 2448 (De
361 2398 589 2442 subditis
617 2414 717 2456 per
746 2397 985 2442 dominia
1021 2398 1093 2442 ad
1122 2398 1335 2442 labores
1373 2411 1496 2441 snos
1517 2412 1618 2454 pro

298 2465 505 2517 labita,
556 2470 606 2507 et
643 2465 785 2508 citra
814 2465 1102 2508 mercedem
1144 2464 1293 2507 haud
1322 2462 1620 2522 cogendis.)

365 2581 433 2616 15.
454 2570 782 2615 Meminerint
807 2572 1149 2632 praetitulatae
1165 2573 1222 2617 D.
1253 2578 1458 2626 vestrae,
1483 2567 1622 2631 quid-
1663 2562 1667 2567 ’

236 2662 350 2691 nam
376 2648 426 2690 in
463 2651 634 2695 ordine
675 2652 734 2695 ad
768 2651 834 2706 id,
867 2652 994 2712 quod
1024 2651 1212 2695 domini
1241 2657 1493 2695 terrestres
1514 2648 1622 2693 sub-

239 2726 358 2772 ditos
383 2744 489 2773 suos
521 2731 581 2773 ad
611 2731 776 2779 omnia
812 2731 1074 2779 domestica
1120 2739 1168 2777 et
1192 2728 1623 2785 oeconomicaser-
