1669 3189
721 211 791 223 ....
847 188 934 236 428
988 209 1058 221 m.

586 302 970 367 CAPUT
1027 303 1129 368 ΠΙ,

237 437 331 497 De
353 432 717 494 urbarialibus
748 431 942 489 annuis
970 429 1519 504 investigationibus.

788 588 911 622 ΛΒΤ.
952 587 986 621 Ι.

187 672 271 716 De
298 669 489 711 merito
524 672 575 710 et
608 664 838 726 objectis
873 667 1144 727 benignae
1187 664 1573 710 instructionis

184 750 427 778 normam
472 732 897 791 praescribentis
938 748 1179 776 annuam
1225 729 1602 775 arbarioram'

274 799 516 860 qccaliter
553 799 961 843 observatorum
999 797 1483 858 invessigationem

695 878 697 881 ’
720 863 1041 924 peragendi.

315 986 358 1021 1.
394 976 563 1021 Mense
593 973 846 1019 decembri
875 973 1146 1018 urhariales
1175 970 1573 1036 investigationes

180 1071 275 1116 per
298 1054 555 1100 articulare
577 1053 913 1098 testimonium
935 1053 1274 1108 instituantur,
1311 1069 1371 1096 an
1396 1053 1577 1115 quippe

182 1133 235 1177 in
282 1134 582 1196 possessione
616 1131 850 1177 visitanda
888 1132 1174 1188 urbarium,
1224 1131 1402 1175 tabella
1440 1133 1583 1176 urba-

181 1212 352 1268 rialis,
412 1209 764 1256 testimoniales
805 1226 949 1271 super
995 1211 1280 1255 executione
1323 1209 1582 1266 urbariali,

181 1310 272 1338 nec
308 1308 408 1336 non
449 1297 631 1353 puncta
658 1290 906 1353 generalia
949 1289 1350 1352 prohibitorum,
1400 1296 1447 1333 et
1473 1306 1583 1335 con-

185 1373 388 1434 scriptio
445 1370 569 1430 juris
608 1371 826 1414 montani
878 1371 964 1414 sub
1015 1370 1295 1415 authentico
1356 1369 1584 1430 expedita

183 1453 318 1514 apud
348 1449 755 1496 communitatem
784 1449 880 1494 loci
904 1447 1268 1511 praeexistant?
1304 1456 1354 1493 et
1383 1466 1442 1494 an
1475 1465 1584 1493 con-

183 1540 260 1576 tra
283 1533 401 1576 haec
433 1548 491 1574 ex
520 1537 658 1591 parte
693 1528 900 1575 dominii
928 1545 1148 1574 excessus
1174 1528 1323 1574 sactus
1344 1528 1368 1573 P
1403 1528 1581 1574 relatio

183 1621 232 1658 et
257 1612 547 1675 praestanda
568 1610 913 1673 complanatio.

314 1704 357 1740 2.
394 1692 443 1736 Si
477 1707 597 1754 quae
632 1707 688 1736 ex
724 1689 988 1752 praedictis
1032 1688 1368 1737 instrumentis
1412 1689 1584 1751 deper-

186 1772 290 1816 dita
314 1771 506 1827 forent,
542 1769 871 1832 possessiones
899 1769 1078 1814 iisdem
1109 1769 1266 1814 denuo
1287 1768 1579 1831 providean-
1628 1803 1630 1805 -

184 1859 296 1908 tur,
331 1852 521 1894 ratione
553 1849 827 1893 amissionis
852 1849 1162 1911 investigata.
1496 1834 1497 1837 Ἴ

313 1943 355 1978 5.
391 1931 548 1991 Super
576 1930 713 1976 sactis
753 1929 1202 1993 investigationibus
1237 1930 1578 1976 communitati
1613 1981 1617 1987 Ι

185 2011 385 2072 praevie
415 2010 720 2056 insinuandis
747 2009 1006 2054 relationes
1048 2010 1385 2071 praestandae.

315 2096 358 2138 4,
394 2091 476 2134 His
518 2090 667 2134 series
709 2089 857 2135 etiam
898 2089 1151 2134 comitatus
1188 2090 1413 2134 locorum
1440 2089 1582 2135 adne-

185 2172 373 2216 ctenda,
421 2195 481 2201 -
538 2173 692 2216 Causa
738 2171 1121 2234 investigationis
1172 2176 1239 2214 est
1287 2171 1580 2217 colonorum

187 2253 502 2298 conservatio,
537 2277 602 2285 -—-
647 2252 1028 2315 Supererogatio
1081 2252 1385 2297 robottarum
1439 2251 1582 2311 culpa

186 2330 392 2376 dominii
420 2332 649 2378 eveniens
676 2332 847 2377 colono
865 2332 917 2377 in
942 2338 1110 2394 parato
1126 2347 1238 2376 aere
1254 2328 1581 2375 bonificanda.

322 2424 364 2459 5.
403 2413 458 2458 In
492 2411 772 2474 praesentia
815 2411 1100 2456 officialium
1125 2410 1452 2456 dominalium
1477 2424 1581 2453 eor-

188 2506 293 2534 sum
330 2508 619 2554 comparere
650 2492 989 2555 obligatorum.

317 2574 359 2617 Ο.
397 2574 564 2634 Quoad
605 2572 922 2619 urhariorum
977 2573 1320 2634 supplementa
1366 2572 1434 2616 ita
1472 2587 1581 2632 pro-

189 2650 489 2706 cedendum,
524 2661 672 2714 prout
703 2669 814 2698 cum
851 2652 1079 2698 urbariis.

320 2744 360 2780 ‘l⁶
399 2733 570 2795 Quoad
595 2750 858 2782 numerum
879 2750 1114 2798 pecorum
1145 2742 1193 2782 et
1216 2732 1461 2797 pecudum
1488 2747 1579 2795 pro
