1669 3189
636 180 975 231 *413โถ*-

105 289 445 343 instructionis
474 305 564 353 pro
593 290 943 353 exequentibus
977 287 1238 353 elargitae,
1279 288 1331 334 in
1358 290 1527 338 fassio..

104 371 249 417 nibus
280 372 340 416 ad
368 386 548 416 novem
577 379 758 433 puncta
794 370 1032 432 expressis
1076 370 1240 414 debita
1282 370 1407 416 serie
1442 389 1519 418 ex-

105 459 409 515 ponerentur
426 486 440 511 ,
475 452 588 497 hinc
612 451 902 513 priusquam
930 451 990 496 ad
1015 451 1345 498 enucleandas
1362 460 1413 497 et
1440 454 1522 499 de-

108 534 353 580 cidendas*
375 536 542 580 classes
575 548 859 595 progressus
908 533 1024 590 fiat,
1072 541 1304 597 respectu
1335 534 1517 597 singuli

105 616 200 661 loci
238 634 295 662 ex
326 614 608 660 fassionibus
642 614 702 659 ad
735 628 914 659 novem
943 621 1127 675 puncta
1168 615 1374 672 elicitis,
1415 614 1520 659 uni-

109 710 365 741 versorum
389 694 753 740 beneficiorum
782 693 956 757 quibus
1002 694 1083 739 hic
1122 697 1198 741 vel
1237 696 1321 740 ille
1377 696 1512 740 locus

106 774 312 838 gaudet,
347 782 393 821 et
426 774 810 831 maleficiorum,
842 773 1017 837 quibus
1049 774 1130 819 hic
1167 777 1243 821 vel
1268 777 1352 821 ille
1379 777 1515 821 locus

104 856 332 913 afficitur,
373 857 657 901 efformetur
679 856 950 918 specificus,
972 857 1129 902 clarus
1146 889 1159 913 ,
1194 874 1248 902 ac
1273 857 1516 919 genuinus

103 945 377 994 extractus,
414 937 601 1000 istoque
633 945 851 982 extractu
893 954 984 999 pro
1031 937 1220 1000 objecto
1261 938 1512 983 classifica=

102 1019 250 1064 tionis
277 1017 533 1074 habendo,
576 1034 628 1063 ac
655 1018 794 1063 toties
822 1019 1011 1080 quoties
1052 1035 1297 1064 necessum
1332 1018 1514 1065 videbi-

103 1107 213 1156 tur,
250 1100 310 1145 ad
347 1100 475 1161 ipsas
501 1115 695 1161 quoque
723 1097 959 1143 fassiones
999 1115 1201 1144 recursu
1223 1099 1516 1145 summendo

100 1178 237 1241 juxta
290 1179 491 1224 ductum
531 1179 854 1223 conscientiae
887 1179 1232 1240 deputatorum
1260 1179 1514 1224 librandae

102 1276 193 1321 pro
232 1258 421 1303 ratione
454 1258 597 1320 hujus
630 1259 705 1303 vel
747 1259 876 1302 illius
922 1256 1179 1302 comitatus
1216 1259 1517 1302 numerosio-

105 1346 253 1395 r'un's,
291 1346 340 1384 et
375 1338 668 1399 pauciorum
706 1340 964 1393 locorum,
1004 1353 1201 1398 semper
1236 1344 1400 1384 tamen
1442 1356 1518 1384 re-

105 1419 225 1463 flexe
262 1418 323 1462 ad
363 1417 729 1463 subsistentiam
772 1416 1192 1461 contribuentium
1231 1423 1302 1461 tot
1345 1421 1517 1465 classes

105 1502 455 1555 efformentur,
492 1505 608 1560 quot
637 1505 866 1560 respectu
893 1498 1038 1542 totius
1063 1498 1315 1543 comitatus
1340 1498 1518 1543 reflexe

106 1583 166 1629 ad
187 1580 427 1627 beneficia
452 1578 604 1623 realia
630 1611 644 1635 ,
683 1584 763 1623 aut
786 1578 1031 1623 maleficia
1054 1577 1323 1623 secundum
1347 1579 1517 1634 deum,

108 1671 156 1710 et
182 1660 284 1726 ejus
314 1660 554 1722 justitiam
587 1659 893 1705 emetiendae
923 1659 1367 1715 existimabuntur,
1415 1657 1518 1703 imo

104 1762 195 1808 pro
248 1742 459 1789 faciliori
517 1750 619 1788 tam
692 1742 1019 1805 deputationis
1092 1741 1515 1789 classificationalis

107 1824 426 1886 operatione,
475 1839 620 1886 quam
663 1825 812 1868 etiam
863 1825 1197 1871 commodiore
1232 1825 1401 1869 altiore
1446 1839 1518 1866 su-

106 1903 503 1966 perinspectione
527 1937 542 1960 ,
577 1910 627 1948 et
662 1905 1055 1966 superrevisione
1090 1921 1148 1950 ex
1186 1904 1275 1962 iis,
1312 1920 1431 1967 quae
1462 1902 1517 1947 in

107 1983 496 2045 conscriptione,
532 1999 708 2029 novem
723 1984 842 2029 item
869 1986 1065 2046 punctis
1087 1992 1366 2050 opportune
1391 1982 1518 2029 erui-2

107 2068 226 2114 bilia
248 2072 359 2112 sunt
379 2099 393 2122 ,
429 2062 732 2128 praescripta
759 2065 1005 2114 formetur
1023 2068 1212 2114 tabella.
1326 2125 1330 2129 ยน

244 2149 500 2209 Postquam
531 2144 753 2192 universa
777 2146 884 2193 loca
924 2148 1214 2195 classificata
1241 2146 1516 2200 extiterint,

109 2244 200 2289 pro
225 2226 460 2272 securiori
488 2227 787 2289 operationis
814 2227 1015 2273 fundato
1034 2229 1372 2290 experimento
1390 2260 1403 2283 ,
1435 2226 1515 2270 ad-

109 2306 205 2350 huc
235 2307 388 2351 semel
415 2306 625 2351 sollicito
651 2306 812 2352 studio
844 2308 952 2352 loca
979 2304 1066 2352 illa
1088 2341 1102 2364 ,
1139 2307 1360 2353 adhibita
1403 2323 1513 2351 con-

108 2386 364 2432 scientiosa
388 2388 530 2434 unius
565 2389 626 2434 ad
660 2387 810 2435 alium
843 2388 1241 2435 confrontatione
1278 2388 1515 2434 reexami-

108 2474 257 2524 nent,
294 2475 341 2512 et
369 2470 408 2513 si
434 2469 558 2515 forte
586 2489 643 2517 ex
681 2472 788 2534 ipso
832 2471 1184 2518 conscientioso
1228 2470 1514 2534 reexamine

93 2544 160 2591 xin
193 2564 252 2593 eo
283 2550 692 2596 convincerentur
712 2586 726 2609 ,
764 2553 897 2615 quod
929 2551 1098 2614 positis
1124 2551 1226 2615 jam
1256 2551 1512 2606 classibus,

107 2629 276 2690 plures
314 2631 469 2676 adhuc
500 2632 670 2677 classes
706 2632 992 2678 formandae
1034 2623 1224 2689 essent,
1259 2649 1352 2695 pro
1398 2640 1512 2676 tunc

110 2709 501 2757 additamentum
531 2711 751 2756 classium
772 2713 1062 2769 instituant,
1099 2720 1145 2758 et
1164 2719 1279 2757 tunc
1315 2711 1514 2774 aequili-

114 2790 266 2835 bratis
293 2792 464 2838 novius
494 2792 737 2838 universis
769 2794 887 2838 locis
907 2827 920 2850 ,
958 2811 1015 2839 ex
1046 2794 1119 2839 his
1154 2795 1235 2839 illa
1254 2826 1270 2851 ,
1309 2810 1431 2856 quae
1453 2791 1513 2837 ad

109 2868 337 2917 ultimam
374 2872 597 2917 additam
632 2873 831 2918 classem
857 2875 1038 2936 magis,
1091 2890 1239 2936 quam
1293 2877 1353 2921 ad
1392 2875 1511 2921 alias
