1669 3189
717 219 763 228 ω
824 196 905 236 502
967 217 1036 230 m-

171 323 228 351 30
252 307 300 351 in
331 306 383 356 h,
417 302 713 349 resolutione
738 299 874 363 regia
903 300 965 344 ad
992 316 1150 346 nrum.
1197 308 1365 351 13472.
1413 305 1555 352 1816.

168 402 260 448 per
297 397 576 446 expressum
613 379 805 435 addito,
833 387 884 424 ut
918 380 968 425 in
1000 397 1163 426 casum
1187 413 1199 437 ,
1236 398 1331 443 quo
1372 383 1560 428 deside-

166 474 270 510 rata
311 460 568 509 conventio
604 461 784 505 mutuis
831 461 984 522 pactis
1037 460 1254 505 obtineri
1309 464 1556 524 nequiret,

168 543 464 595 (dominium
488 541 619 585 enim
646 543 930 586 terrestrale
958 541 1035 586 via
1057 541 1170 586 novi
1201 542 1463 604 processit)
1493 552 1559 588 at.

170 633 278 670 tunc
313 620 569 666 comitatus
597 621 648 666 in
680 622 855 684 spiritu
881 623 1312 684 praeexistentiam
1337 625 1385 669 b.
1420 641 1547 670 reso-

161 706 401 750 lutionurn
433 718 523 764 pro
550 702 863 748 incumbente
914 703 1005 748 sibi
1036 702 1196 748 officio
1222 704 1553 750 normativum

160 785 468 829 tractamenti
502 784 803 840 subditelae,
866 784 1184 829 conformiter
1231 784 1557 847 dispositioni-

160 866 245 909 bus
270 863 419 926 regiis
440 897 454 920 ,
489 863 655 909 habita
678 865 827 908 etiam
860 864 1093 917 localium
1117 864 1460 925 adjunctorum
1488 883 1562 911 re-

160 944 366 989 flexione
393 942 739 988 conscientiose
779 943 925 987 solito
962 945 1142 1001 modo,
1191 953 1237 991 et
1275 945 1433 992 forma
1467 946 1567 991 ela--

160 1026 324 1079 beret,
361 1023 615 1068 altioribus
640 1023 756 1067 locis
790 1023 1220 1070 substernendum.

294 1115 336 1159 9.
361 1102 921 1163 Nemeth-Ujvarienses
963 1102 1014 1148 in
1050 1104 1284 1147 comitatu
1313 1103 1560 1149 Castriser-

167 1185 240 1229 rei
266 1201 369 1229 nro.
403 1194 545 1232 5832.
575 1192 715 1231 5853.
745 1192 888 1232 8010.
930 1193 1068 1232 1812.

294 1274 364 1308 10.
391 1264 435 1305 T
440 1262 639 1306 aske'var
673 1263 910 1324 oppidum
938 1264 988 1308 in
1021 1264 1250 1308 comitatu
1263 1260 1556 1322 Veszprem,

161 1348 412 1386 contractu
447 1342 877 1404 impopulationali
918 1347 1056 1392 1658.
1091 1345 1150 1388 ab
1188 1343 1417 1405 episcopo
1456 1340 1558 1403 jau-

159 1422 341 1466 rinensi
379 1420 591 1484 Georgio
618 1423 827 1467 condam
857 1423 1119 1484 Szechenyi
1142 1421 1423 1485 provisum,
1449 1437 1558 1465 con-

158 1501 457 1546 tractualiter
484 1502 792 1548 tractabatur.
846 1504 978 1547 Anno
1018 1513 1158 1552 1807.
1195 1503 1400 1564 agitatus
1443 1516 1556 1562 pro-

161 1597 318 1625 cessus
355 1581 415 1624 ad
458 1581 758 1625 urbarialem
803 1582 1196 1643 regulationem‚
1246 1581 1331 1624 sed
1373 1586 1556 1624 contra-

158 1666 260 1703 ctus
287 1667 357 1704 est
383 1658 641 1705 stabilitus,
678 1661 797 1705 Sunt
823 1668 987 1705 autem
1025 1661 1077 1706 in
1124 1660 1217 1704 hoc
1249 1659 1434 1721 oppido
1479 1671 1580 1714 17„

155 1740 374 1800 integrae
419 1738 681 1796 sessiones,
729 1739 959 1800 inquilini
1003 1750 1079 1788 89..
1123 1739 1377 1783 oeconomi
1418 1746 1556 1784 extra

161 1828 235 1864 50.
268 1817 493 1862 domibus
521 1818 721 1879 provisi.
756 1818 990 1864 Dominio
1033 1817 1259 1881 exiguam
1301 1819 1554 1864 allodiatu-

157 1913 259 1942 ram
286 1899 512 1942 habente.

290 1991 362 2025 11.
398 1979 452 2022 In
484 1993 712 2039 processu
738 1979 974 2024 urban-ioli
999 1979 1059 2024 ad
1086 1977 1410 2024 sublationem
1442 1995 1550 2024 con-

154 2066 330 2103 tractus
358 2075 480 2102 anno
517 2067 652 2106 1758.
688 2057 818 2102 inter
854 2057 1130 2104 dominium
1180 2060 1343 2117 Jaszo,
1394 2067 1441 2104 et
1477 2060 1550 2104 in-

153 2140 275 2183 colas
312 2138 480 2200 oppidi
504 2138 800 2183 Metzenzeff
831 2139 979 2195 initi,
1013 2139 1065 2184 in
1100 2139 1334 2184 comitatu
1379 2137 1548 2199 Abauj-

155 2236 267 2275 var,
303 2219 454 2262 iidem
480 2219 713 2280 oppidani
750 2218 801 2262 in
844 2221 1180 2281 praeexercito
1220 2227 1544 2266 tractamento

154 2297 473 2344 contractuali
497 2313 647 2360 porro
672 2315 862 2361 quoque
884 2299 1045 2344 relicti
1076 2307 1196 2347 sunt.

292 2391 363 2427 12.
401 2380 735 2424 Conimunitas
778 2379 952 2441 oppidi
982 2380 1195 2441 Hrapina
1228 2379 1281 2424 in
1316 2381 1549 2427 comitatu

155 2458 366 2516 Varasd,
400 2461 672 2523 privilegiis
698 2477 789 2523 per
811 2462 975 2523 plures
1016 2475 1158 2523 reges
1209 2462 1368 2507 eidem
1403 2461 1544 2506 colla-

153 2537 246 2592 tis,
292 2556 378 2584 nec
420 2557 516 2586 non
557 2540 770 2603 juribus,
827 2547 874 2585 et
920 2540 1272 2604 praerogativis
1311 2543 1510 2605 provisa
1527 2575 1551 2599 ‚

154 2616 237 2660 has
268 2616 398 2662 inter
437 2621 678 2666 activitate
708 2637 896 2684 quoque
926 2620 978 2666 in
1021 2637 1276 2667 causarum
1314 2623 1542 2686 processi-

153 2694 243 2739 bus
269 2712 377 2741 eam
404 2697 454 2743 in
487 2709 708 2747 concreto
735 2701 1139 2747 concernentibus
1189 2709 1352 2748 contra
1403 2718 1542 2764 quos-

151 2775 220 2820 vis
241 2778 381 2841 regni
413 2780 597 2827 nobiles
633 2783 933 2845 procedendi
970 2783 1148 2846 gaudet
1169 2816 1184 2840 ,
1221 2790 1362 2846 atque
1389 2799 1445 2829 ex
1468 2781 1545 2845 jud
