1669 3189
715 176 1055 226 u-54o-0-

188 293 352 343 creto,
400 286 498 331 sive
534 282 612 328 hic
652 282 728 326 vel
768 281 848 326 ille
882 282 1187 343 particularis
1230 284 1456 330 subditus
1488 298 1578 347 ΡΘ*

187 368 414 413 officiales
458 363 723 409 dominales
766 370 847 407 aut·
882 364 1144 408 servitores
1186 363 1569 423 injuriarentur,

189 445 451 491 obtinendo
502 441 719 488 remedio
762 450 807 486 et
853 442 1182 488 satisfactione
1217 451 1472 489 recurrant
1519 444 1579 487 ad

187 529 530 570 concernentes
571 522 792 568 dominos
838 531 1124 581 terrestres,
1178 524 1328 569 veluti
1363 525 1577 586 primam

194 604 463 650 eorundem
479 604 834 650 instantiam-—
848 623 938 667 pro
959 620 1068 651 casu
1086 622 1187 650 non
1206 604 1391 651 obtenti
1420 619 1578 649 reme-

189 686 259 729 dii
285 685 344 729 ad
362 686 645 730 comitatum
667 694 784 743 etc.;
826 704 881 731 eo
908 694 943 739 ᾧ.
968 698 1044 735 25.
1069 686 1391 732 instructione
1410 684 1579 729 comis-

192 765 436 811 sariorum
465 765 716 828 regiorum
751 767 956 822 sancito,
994 774 1044 810 ut
1080 765 1295 811 universi
1320 781 1572 827 processus

187 845 458 892 urbariales
488 845 538 890 in
565 846 756 890 sedibus
798 846 1122 892 dominalibus
1151 845 1368 902 definiti,
1403 861 1488 890 seu
1520 844 1571 888 hi

190 926 421 987 appellati
460 940 544 969 seu
578 942 675 968 non
715 925 948 986 appellati
991 926 1255 982 extiterint,
1289 943 1379 987 per
1415 925 1576 988 legale

183 1005 526 1051 testimonium
557 1003 617 1047 ad
640 1002 856 1048 sedi-iam
883 1002 1177 1049 referantur.

316 1089 438 1132 Non
475 1101 586 1147 per
611 1083 1100 1128 instructionem
1135 1082 1466 1145 regiorum
1503 1100 1583 1128 co-

191 1166 302 1210 mis
319 1183 336 1209 s
354 1182 418 1209 ar
433 1164 448 1208 i
466 1181 529 1209 or
548 1180 670 1208 um:
706 1164 757 1208 in
790 1163 879 1208 hac
908 1164 1038 1208 enim
1070 1162 1108 1222 ξ.
1136 1173 1211 1210 25.
1229 1178 1401 1207 norma
1422 1179 1586 1224 proce-

188 1246 339 1289 durae
367 1253 413 1290 et
438 1244 789 1308 allegationum
818 1243 868 1288 in
915 1242 1220 1305 processibus
1261 1242 1583 1288 urbarialibus

187 1324 487 1370 observanda
515 1325 847 1386 praecipitur,
886 1340 1067 1386 quaeve
1106 1323 1334 1385 querelae
1371 1323 1423 1368 in
1464 1323 1579 1368 sede

187 1405 448 1461 dominali,
486 1420 610 1467 quae
640 1405 763 1450 item
797 1406 846 1450 in
884 1406 1044 1450 sedria
1078 1402 1470 1467 promovendae,
1505 1410 1584 1448 aut

183 1485 484 1531 decidendae
517 1486 641 1542 sint,
678 1485 969 1531 continetur.

314 1567 439 1611 Non
473 1582 580 1626 per
614 1567 851 1628 legem,
888 1572 1058 1610 tenore
1099 1563 1229 1609 enim
1265 1563 1584 1610 articulorum

187 1654 245 1692 35
280 1652 327 1689 et
361 1657 435 1693 51.
466 1657 586 1701 1590
612 1672 676 1677 ——
702 1658 786 1701 91,
835 1646 958 1690 illud
993 1653 1181 1690 tantum
1210 1646 1582 1705 praescribitur,

184 1732 240 1768 ut
267 1726 415 1787 legali
437 1726 626 1771 sedium
650 1726 977 1771 dominalium
1010 1727 1255 1771 aetii-itate
1286 1725 1578 1781 restabilita,

186 1805 324 1850 sedes
355 1806 622 1851 dominales
654 1808 704 1851 in
740 1806 1086 1863 discutiendis,
1124 1813 1171 1850 et
1202 1805 1485 1851 definiendis
1507 1821 1584 1849 co-

187 1885 416 1931 lonorum
446 1884 656 1947 querelis
677 1893 723 1928 et
745 1885 913 1941 causis,
944 1902 1056 1930 cum
1079 1885 1278 1930 cautelis
1314 1886 1423 1949 lege
1444 1901 1582 1947 prae-

186 1964 374 2027 scriptis
413 1965 464 2010 in
510 1966 647 2010 omni
681 1965 973 2011 necessitatis
1029 1981 1138 2009 casu
1177 1964 1406 2009 inomisse
1461 1965 1584 2010 cele-

186 2046 390 2091 brentur
409 2078 423 2102 ,
461 2053 509 2090 et
550 2047 709 2091 forma
732 2046 844 2102 illa,
880 2062 1001 2108 quae
1043 2053 1151 2090 ante
1179 2045 1482 2106 judiciorum
1509 2062 1581 2090 re-

184 2126 489 2188 gulationem
545 2126 727 2189 viguit,
791 2125 1103 2182 observetur,
1164 2132 1310 2187 atque
1350 2132 1581 2188 prompta

185 2208 556 2270 querulantibus
590 2207 770 2254 colonis
799 2207 1058 2253 satisfactio
1093 2214 1383 2270 praestetur.

312 2290 420 2334 Non
447 2289 658 2351 denique
693 2306 810 2351 per
846 2290 1024 2334 ullam
1075 2288 1577 2350 praec-edaneam

190 2366 523 2430 benignam
561 2368 1073 2425 resolutionem,
1128 2369 1283 2413 relate
1341 2360 1472 2412 enim
1517 2368 1578 2413 ad

189 2463 418 2493 normam
449 2449 848 2512 manipulationis
867 2449 1175 2512 objectorum
1209 2465 1358 2510 penes
1391 2449 1578 2493 locum-

185 2528 388 2571 tenenti.
407 2530 674 2575 Consilium
690 2528 1108 2586 observandam,in
1121 2528 1281 2590 specie
1301 2528 1457 2592 quoad
1472 2545 1579 2591 per-

184 2608 520 2654 tractationem
568 2609 890 2655 urbarialium
932 2610 1244 2670 negotiorum
1267 2609 1382 2654 inde
1419 2609 1478 2652 ab
1505 2608 1577 2653 in-

185 2684 488 2734 troductione
521 2689 759 2754 benignae
798 2688 1060 2740 urbarialis
1089 2687 1410 2753 regulationis
1450 2687 1574 2735 duae
