1669 3189
690 161 1037 215 w..37sm

169 274 308 321 minii
374 274 617 319 desectum
690 267 1000 331 magistratus
1073 267 1396 314 comitatensis
1450 286 1560 332 sup.

168 355 335 416 plebit.

297 434 334 494 ᾗ.
364 446 404 481 5.
443 434 547 492 Ipsa
586 436 750 473 tamen
795 427 957 472 taliter
1001 427 1220 488 repartiti
1267 426 1557 489 obtingentis

165 511 432 558 incassatio.
464 516 508 552 et
534 508 593 552 ad
620 523 800 550 cassam
819 508 1079 551 comitatus
1112 507 1392 568 deportatio
1422 524 1559 567 prae-

167 592 260 635 cise
306 605 453 651 penes
487 588 706 632 locorum
733 589 1141 641 communitates,
1191 593 1237 630 et
1263 585 1450 644 judices
1477 601 1558 648 pa-

164 685 331 735 genses
362 676 589 724 maneat,
651 669 868 730 adeoque
910 669 1163 714 comitatus
1203 668 1449 720 attendat,
1497 681 1561 710 ne

168 752 226 792 ad
251 751 372 794 hanc
399 749 584 793 domini
610 757 867 794 terrestres
889 783 902 804 ‚
952 756 999 794 et
1026 748 1259 794 officiales
1290 746 1560 791 dominales

165 847 214 874 se
238 829 466 878 imittant,

295 916 332 961 §.
362 913 405 956 6.
438 910 573 953 Juxta
604 913 918 968 praesentem
962 908 1262 952 urharialem
1294 903 1556 968 regulatio-

165 989 350 1033 tionem
411 994 745 1049 competentes
803 987 1025 1033 dominio
1080 986 1416 1048 obtingentiae
1467 1000 1560 1046 per

167 1068 383 1113 subditos
416 1068 580 1112 eidem
619 1066 839 1128 dominio
883 1067 975 1112 rite
1018 1067 1378 1128 dependantur,
1437 1064 1562 1108 etin

168 1162 332 1191 casum
364 1147 663 1191 morositatis
703 1146 882 1191 subditi
921 1146 1209 1190 executione
1241 1143 1388 1188 etiam
1410 1144 1565 1187 medi-

165 1233 296 1278 ante,
337 1225 397 1267 ad
428 1225 774 1284 depensionem
803 1223 1220 1286 obtingentiarum
1252 1238 1451 1267 suarum
1481 1222 1558 1266 ad-

166 1305 496 1367 stringantur,
551 1305 771 1364 adeoque
803 1303 1115 1347 exmittendis
1161 1304 1289 1346 hunc
1325 1303 1374 1345 in
1412 1302 1563 1345 finem

165 1381 503 1429 executoribus
561 1397 750 1443 grossus
803 1380 1147 1426 executionalis
1200 1397 1290 1441 per
1343 1380 1562 1425 subditos

163 1479 378 1507 morosos
416 1459 589 1505 dietim
635 1478 689 1505 ea
741 1462 929 1506 ratione
973 1461 1275 1513 exsolvatur,
1347 1467 1399 1503 ut
1440 1461 1561 1504 baec

166 1543 308 1587 unius
333 1543 490 1604 grossi
522 1542 872 1586 executionalis
917 1541 1225 1604 obtingentia
1254 1546 1445 1584 tantum
1468 1556 1559 1601 pro

164 1623 291 1678 illis,
357 1622 440 1684 qui
477 1639 568 1683 pro
610 1623 895 1667 executione
942 1623 1158 1665 realium
1198 1620 1560 1677 restantiarum‚

166 1719 262 1747 non
294 1708 456 1746 autem
483 1702 564 1764 qui
591 1701 639 1746 in
665 1702 771 1746 aliis
803 1701 1131 1746 dominalihus
1151 1699 1358 1762 negotiis
1394 1698 1562 1744 exmit-

163 1791 362 1838 tuntur,
398 1782 718 1844 intelligatur.

295 1869 331 1915 ς).
361 1874 400 1909 7.
437 1865 499 1908 Ut
527 1862 706 1923 pressis
725 1895 738 1917 ,
776 1860 855 1921 qui
887 1875 1075 1921 quaqua
1101 1859 1292 1903 ratione
1323 1856 1560 1918 injuriam

166 1943 442 2004 patiuntur,
489 1948 720 2003 prompta
757 1940 970 2001 justitiae
1002 1938 1426 1984 administratione
1454 1940 1561 1984 suh-

169 2023 424 2077 veniatur,
494 2021 531 2065 si
569 2022 799 2082 querelae
854 2020 1055 2063 illorum
1085 2017 1305 2079 ejusdem
1350 2017 1561 2062 dominii

171 2102 448 2156 subditum,
483 2102 558 2146 vel
583 2100 884 2162 inquilinum
917 2105 1200 2161 tangerent,
1248 2096 1459 2157 justitiae
1483 2099 1562 2142 ad-

168 2182 585 2226 ministrationem
621 2181 680 2225 ab
713 2181 819 2242 ipso
852 2177 1071 2223 dominio
1099 2179 1177 2222 vel
1211 2178 1314 2239 ejus
1347 2176 1561 2222 officiali-

171 2263 260 2307 hus
290 2268 553 2322 quaerant,
605 2260 644 2304 si
677 2267 842 2304 autem
867 2275 957 2321 per
992 2258 1119 2320 ipsos
1158 2257 1421 2302 dominales
1457 2257 1560 2302 offi-
1624 2279 1626 2281 >

169 2341 312 2386 ciales
335 2341 448 2402 ipsis
476 2340 733 2402 quaepiam
762 2339 960 2399 injuria,
996 2345 1077 2383 aut
1107 2339 1342 2390 damnum
1366 2338 1557 2383 illatum

171 2421 363 2477 fuisset,
420 2429 533 2466 tunc
558 2423 619 2466 ad
653 2420 907 2466 dominum
946 2427 1236 2465 terrestrem
1277 2424 1559 2474 recurrant,

172 2508 218 2547 et
245 2502 282 2544 si
300 2518 384 2546 nec
410 2502 468 2545 ab
491 2504 666 2547 eodem
693 2501 1070 2547 satisfactionem
1094 2500 1318 2544 obtinere
1341 2499 1558 2560 quirent,

174 2584 235 2627 ad
264 2581 548 2626 comitatum
570 2589 724 2626 semet
751 2587 1048 2637 convertant,
1097 2581 1134 2624 si
1161 2580 1358 2624 tandem
1387 2582 1559 2622 eorun-

174 2663 287 2707 dem
313 2662 647 2724 querimoniae
684 2663 845 2725 ipsum
880 2661 1136 2706 dominum
1172 2665 1454 2704 terrestrem
1484 2672 1559 2700 re-

175 2742 452 2803 spicerent,
504 2750 550 2787 et
587 2759 743 2805 neque
781 2759 895 2806 erga
928 2757 1094 2804 preces
1136 2757 1241 2786 suas
1278 2738 1558 2785 remedium
