1669 3189
718 183 786 194 -w-
843 159 924 200 302
983 178 1051 189 -w-

201 273 418 331 integrae
459 266 676 313 sessionis
717 280 784 307 xr.
836 268 913 310 48.
947 267 1088 322 atque
1110 261 1178 305 ita
1211 262 1345 324 juxta
1378 277 1601 324 propor-.

199 350 386 393 tionem
423 364 448 390 a
479 343 674 403 reliquis
698 341 953 403 percipere
984 340 1112 384 velit.

331 428 368 486 ξ.
401 432 444 472 6.
491 424 765 470 Secundum
792 429 1012 466 veterem
1061 421 1469 467 consuetudinem
1524 422 1585 468 ad

200 518 423 554 tenorem
469 505 659 549 articuli
697 515 770 559 59.
819 509 954 551 1548.
995 502 1030 547 si
1072 502 1296 546 dominus
1340 503 1580 547 terrestris

197 590 325 633 bello
350 592 512 646 captus
539 585 589 628 in
615 584 761 627 talem
781 583 1113 644 captivitatem
1138 581 1398 636 incideret,
1434 588 1487 625 ut
1510 596 1582 625 ca-

197 676 284 731 put
317 681 455 711 suum
491 663 693 725 proprio
744 679 856 708 aere
895 663 1142 707 redimere
1190 662 1581 717 necessitaretur‚

196 751 247 794 in
273 749 363 791 hoc
409 761 518 789 casu
556 744 716 788 coloni
759 744 956 788 domino
989 760 1074 787 suo
1111 759 1201 804 pro
1237 742 1581 803 redemptione

196 826 361 889 capitis
394 824 589 886 aliquod
634 824 886 869 tolerabile
922 822 1195 868 subsidium
1232 829 1479 883 praestare
1515 828 1583 866 te-

194 913 430 959 neantur,
467 903 732 947 subsidium
764 918 879 945 vero
910 901 1135 958 diaetale‚
1173 900 1305 963 quod
1333 901 1431 945 illis
1465 901 1584 945 dun-

193 995 328 1032 taxat>
344 984 552 1030 dominis
577 984 804 1044 praelatis
839 989 884 1027 et
921 983 1240 1045 magnatibus,
1270 981 1353 1044 qui
1380 998 1471 1043 per
1510 969 1584 1026 re-

195 1068 322 1129 gales
350 1065 649 1111 nominatim
677 1065 737 1108 ad
757 1064 936 1108 diaetas
965 1072 1211 1119 vocantur,
1236 1061 1581 1126 praebendum

197 1155 298 1202 est,
334 1163 395 1191 ne
424 1147 641 1189 debitam
666 1144 1063 1187 moderationem
1087 1143 1304 1195 excedat,
1329 1142 1582 1204 magistra-

197 1226 408 1270 tualibus
447 1227 770 1269 comitatuum
800 1223 1056 1284 invigilare
1084 1222 1351 1268 incumbet.

329 1303 369 1362 §.
410 1317 449 1352 7.
497 1303 564 1347 Ab
608 1302 702 1345 olla
745 1301 1064 1356 crematoria,
1137 1302 1175 1344 si
1226 1302 1316 1344 hac
1364 1302 1582 1351 subditus

195 1383 397 1428 realiter
421 1389 469 1427 et
494 1382 707 1427 effective
737 1397 849 1424 usus
878 1380 1041 1437 suerit,
1084 1381 1239 1424 solvet
1265 1381 1465 1429 domino
1491 1393 1584 1432 ter-

197 1464 342 1508 restri
369 1478 552 1507 annuos
582 1461 700 1504 duos
723 1460 945 1505 florenos.

330 1542 373 1601 §.
413 1552 454 1590 8.
503 1544 539 1585 Α
578 1541 725 1585 terris
761 1541 950 1584 noviter
988 1541 1286 1603 extirpandis
1330 1545 1584 1591 conventio

200 1622 358 1684 quoad
411 1620 687 1683 terragium
728 1621 856 1665 inter
895 1621 1152 1666 dominum
1214 1629 1498 1669 terrestrem
1537 1633 1586 1670 et

206 1701 453 1747 subditum
485 1701 698 1746 ineunda
721 1734 734 1757 ,
786 1719 813 1745 a
840 1701 982 1746 terris
1005 1719 1120 1746 vero
1155 1703 1355 1748 antehac
1379 1706 1587 1768 extirpa-

198 1783 259 1827 tis
288 1794 394 1825 usus
430 1781 630 1842 terragii
661 1782 721 1825 ad
747 1782 838 1826 hoc
862 1798 1011 1843 usque
1044 1789 1231 1843 tempus
1256 1785 1477 1844 praestiti
1505 1788 1586 1832 oh-

204 1871 449 1918 servetur,
485 1862 762 1907 nullatenus
798 1870 959 1908 tamen
992 1870 1352 1924 augmentetur.

652 2017 1015 2065 PUNCTUM
1060 2019 1115 2063 V.

424 2128 514 2170 De
551 2142 714 2170 nona
749 2133 803 2170 et
837 2123 987 2185 jure
1024 2130 1337 2169 montano.

334 2238 370 2283 ᾗ.
413 2245 453 2279 1.
503 2235 592 2283 (In
638 2234 770 2280 illis
818 2235 979 2278 locis
1022 2232 1129 2278 uhi
1176 2249 1349 2277 nona
1392 2233 1457 2277 in
1491 2250 1584 2278 na-

200 2320 261 2356 tu
275 2329 300 2355 r
314 2329 338 2356 a
375 2314 405 2357 d
421 2331 446 2358 e
464 2332 526 2358 su
542 2332 592 2360 m
607 2316 689 2359 mi
708 2322 844 2365 tur).
877 2316 943 2358 Ab
959 2313 1182 2358 omnihus
1202 2321 1359 2357 terrae
1392 2329 1585 2360 nascen-

200 2391 309 2447 tiis,
359 2395 565 2455 exceptis
604 2403 769 2440 tamen
806 2394 1113 2439 hortensibus
1146 2393 1484 2438 sessionalibus
1517 2422 1582 2429 —

202 2472 370 2532 apibus
397 2473 517 2518 item
543 2482 590 2518 et
615 2473 813 2537 agnellis
844 2481 890 2517 et
924 2473 1085 2518 haedis
1120 2473 1170 2518 in
1191 2473 1274 2518 illo
1318 2490 1442 2519 anno
1473 2490 1580 2536 pro-

202 2553 373 2596 creatis
401 2570 523 2597 nona
560 2572 585 2598 a
622 2553 805 2598 colonis
828 2554 878 2596 in
907 2561 1076 2598 natura
1099 2553 1445 2614 praestabitur,
1482 2572 1578 2599 non

201 2638 364 2676 tamen
390 2632 438 2676 in
463 2635 670 2693 pecunia
700 2634 935 2696 exigenda
955 2667 966 2687 ‚
1014 2650 1102 2678 nec
1137 2634 1196 2677 ad
1237 2633 1350 2678 alias
1394 2633 1575 2695 species

201 2713 533 2769 extendenda,
566 2714 649 2760 ubi
686 2721 847 2761 autem
882 2714 1130 2775 praedicta
1156 2730 1311 2761 nonae
1350 2714 1576 2770 obnoxia,
