1669 3189
591 179 929 233 mamm..

66 297 173 345 tur,
223 304 343 351 quae
387 289 439 335 in
479 288 813 350 superioribus
861 287 914 331 in
955 303 1065 331 casu
1101 282 1250 329 simili
1295 284 1453 347 quoad

65 381 109 426 9.
138 377 433 432 punctorum
463 385 698 430 responsa
734 366 1035 430 praescripta
1062 366 1283 410 habetur.

194 451 249 493 ln
285 449 398 493 locis
433 448 647 510 denique
672 448 798 502 illis,
833 446 883 490 in
923 431 1096 506 quihus
1125 461 1291 489 omnes
1320 444 1450 488 inco·
1476 436 1484 443 ⁵

60 527 137 574 lae
166 530 432 590 scripturae
459 529 618 590 ignari
656 536 791 582 sunt,
829 526 1034 570 sufficiet
1071 527 1180 570 loco
1213 525 1449 585 accipien-

61 610 108 654 di
143 626 169 653 a
200 609 548 655 communitate
576 623 722 670 super
744 606 966 650 nullitate
1003 622 1219 651 excessus
1243 604 1453 649 testimo-

60 689 129 734 nii
166 690 323 751 quoad
362 690 413 733 id
434 690 594 751 ipsum
626 686 948 750 praestandae
976 702 1063 746 per
1094 685 1224 746 ipsos
1258 682 1452 727 investi-

60 769 245 832 gandae
276 764 622 830 recognitionis
650 767 897 828 fidedigna
918 764 1180 827 expeditio.
1208 752 1211 753 ⁷
1496 750 1498 752 r

192 851 238 896 Si
265 866 381 894 vero
406 847 664 910 quaepiam
699 846 924 891 evenient
969 844 1335 907 querimoniae,
1372 858 1447 886 ex-

58 936 170 975 tunc
212 931 295 974 has
339 929 427 974 sub
471 928 634 990 jurata
683 926 1017 989 fidedignitate
1065 943 1147 971 sua
1204 923 1447 986 genuine,

58 1026 112 1054 ac
135 1009 345 1056 fideliter
371 1012 614 1065 adnotent,
654 1010 960 1069 desuperque
995 1004 1250 1050 dominum
1279 1011 1453 1047 terres-

57 1097 216 1146 trem,
253 1092 328 1135 vel
360 1089 460 1149 ejus
497 1089 764 1133 dominales
794 1085 1025 1131 officiales
1058 1083 1273 1138 audiant,
1303 1090 1349 1126 et
1376 1099 1450 1126 re-

58 1172 272 1231 spective
321 1170 625 1215 confrontent
654 1203 667 1226 ,
727 1169 827 1213 imo
884 1166 1171 1211 necessitate
1219 1163 1441 1224 exigente

56 1249 405 1311 inquisitiones
446 1257 492 1294 et
532 1248 927 1311 investigationes
954 1280 967 1303 ,
1018 1262 1068 1288 ac
1137 1245 1344 1288 oculatas
1395 1242 1449 1287 in

55 1329 178 1374 facie
217 1330 311 1375 loci
350 1337 607 1392 peragant,
645 1330 833 1391 hacque
872 1326 1067 1372 ratione
1091 1324 1289 1369 realiter
1321 1340 1450 1369 com-

54 1416 312 1470 pertorum
351 1425 628 1453 excessuum
657 1408 929 1453 effectivam
970 1403 1447 1466 complanationem,

55 1489 108 1533 in
158 1496 394 1550 quantum
432 1488 543 1532 fieri
583 1488 795 1549 poterit,
832 1488 882 1530 in
921 1485 1119 1531 instanti
1151 1489 1449 1545 procurent,

58 1569 362 1630 desuperque
377 1567 428 1610 in
441 1567 664 1628 proxima
682 1566 897 1628 generali
917 1563 1289 1626 congregatione
1305 1560 1451 1621 scrip-

55 1655 186 1703 tam,
230 1664 283 1691 ac
331 1647 396 1692 ita
428 1647 694 1710 genuinam
735 1663 787 1691 ac
836 1642 1303 1690 circumstantialem
1330 1641 1452 1685 rela-

57 1729 246 1772 tionem
294 1727 600 1771 universitati
635 1727 929 1781 exhibeant,
964 1732 1016 1768 ut
1051 1741 1109 1769 ex
1136 1723 1224 1767 hac
1252 1739 1352 1767 non
1382 1739 1453 1766 so-

55 1809 160 1853 lum
182 1823 368 1862 omnes,
405 1806 486 1868 qui
517 1807 900 1863 intercesserunt
929 1820 1161 1858 excessus,
1197 1803 1280 1846 sed
1298 1802 1447 1846 etiam

52 1906 112 1934 an
137 1895 183 1932 et
217 1887 424 1948 qualiter
454 1885 750 1947 complanati
777 1883 989 1939 fuerint,
1027 1883 1256 1938 dilucide,
1294 1889 1342 1927 et
1374 1898 1448 1926 ex·
1500 1900 1505 1903 ⁴

57 1975 158 2012 acte
184 1967 403 2029 dignosci
437 1973 592 2028 queat,

183 2048 301 2092 Istas
330 2063 445 2092 vero
472 2046 731 2090 relationes
759 2046 1014 2091 comitatus
1038 2043 1241 2089 indilate
1268 2058 1445 2088 assum-

54 2116 194 2184 inat,
230 2135 277 2171 et
309 2143 392 2183 ea,
431 2144 552 2188 quae
579 2126 667 2170 sibi
696 2126 743 2169 vi
781 2125 998 2170 muneris
1029 2124 1128 2180 sui,
1165 2131 1210 2167 et
1232 2140 1287 2167 ex
1309 2137 1448 2183 prae-

57 2209 236 2270 scripto
281 2207 475 2251 articuli
530 2217 601 2255 18,
651 2219 788 2255 1723.
818 2207 1138 2260 incumbunt,
1192 2202 1446 2248 confestim

59 2294 183 2350 agat,
217 2302 540 2348 necunquam
575 2285 686 2329 solis
713 2286 786 2330 his
821 2285 1219 2347 dispositionibus
1255 2283 1351 2328 suis
1376 2298 1447 2325 ac-

65 2368 313 2430 quiescat,
348 2384 523 2411 verum
567 2367 854 2412 earumdem
882 2368 1069 2411 realem
1099 2381 1289 2427 quoque
1313 2362 1449 2406 effec-

59 2453 165 2492 tum
206 2462 404 2508 semper
440 2454 698 2509 procuret,
736 2463 787 2490 ac
814 2464 923 2491 cum
952 2448 1048 2492 fine
1087 2444 1295 2506 cujusvis
1334 2442 1446 2489 anni

58 2527 306 2573 universas
322 2535 627 2589 praenotatas
642 2526 898 2572 relationes
917 2543 1025 2571 eum
1043 2520 1444 2570 circumstanti-ali

57 2607 402 2653 informatione
430 2624 532 2663 sua,
564 2609 991 2669 subnectendoque
1025 2606 1181 2668 quoad
1198 2603 1444 2666 singulum

61 2690 416 2751 querimoniale
438 2696 676 2751 punctum
706 2688 861 2733 deciso
892 2687 1115 2749 proprio,
1139 2683 1348 2730 Consilio
1380 2684 1445 2727 lo-

0 2759 1 2770 ³
64 2772 432 2818 cunitenentiali
487 2770 622 2833 regio
659 2768 975 2815 infallibiliter
1018 2769 1294 2818 submittat,
1332 2778 1443 2809 suae
