1669 3189
594 164 932 218 *⁶377*-

60 273 295 336 consequi
341 278 561 335 possent,
624 281 790 317 eotum
844 272 1026 328 directe
1064 270 1125 314 ad
1173 265 1462 314 comitatum

56 368 195 396 suum
233 337 483 396 recursum
517 351 862 395 summendum
895 350 1157 396 habebunt.

189 433 212 493 ᾗ
254 443 297 480 8.
337 433 576 477 Dominus
605 432 858 475 terrestris
888 439 1054 476 tamen
1082 432 1159 476 vel
1184 429 1328 474 huius
1360 426 1462 471 offi-

57 516 201 560 ciales
240 514 442 558 rusticos
485 516 695 571 propter
734 519 991 555 recursum
1032 513 1109 556 vel
1158 511 1218 555 ad
1258 507 1460 554 comita-

61 604 165 640 tum
202 596 278 639 vel
325 593 385 636 ad
416 589 697 652 superiores
735 590 990 634 instantias
1029 591 1211 636 sactum
1252 591 1460 653 punien-

60 684 129 720 tes
151 709 162 728 ‚
212 674 344 718 velut
367 672 456 715 hac
494 669 680 715 ratione
715 671 766 715 in
808 670 1012 715 rusticos
1046 672 1316 717 saevientes
1350 686 1460 714 con-

60 755 357 800 siderentur.

500 895 979 941 INSTRUCTIO

2 978 460 1023 ’urharialem
538 976 1013 1038 regulationem
1091 973 1458 1035 exequenti-

53 1058 162 1102 bus
226 1056 848 1121 magistratualibus
912 1054 1337 1098 deservitura
1393 1078 1459 1084 —

55 1147 202 1201 (quae
236 1138 499 1183 successive
522 1137 573 1182 in
606 1136 758 1181 fusius
787 1142 994 1196 systema
1030 1134 1226 1178 redacta
1251 1141 1298 1177 et
1329 1132 1456 1194 typis

123 1217 366 1278 impressa
398 1225 492 1272 est,
528 1225 673 1277 prout
700 1216 749 1259 in
779 1217 952 1258 eadem
974 1220 1116 1274 parte
1152 1237 1195 1260 ο.
1223 1215 1388 1275 operis

500 1295 645 1338 huius
682 1295 993 1355 attingetur.)

194 1412 233 1447 1.
269 1402 402 1444 Dum
429 1400 821 1462 magistratuales
847 1398 1103 1442 comitatus
1123 1398 1184 1441 ad
1211 1401 1451 1445 executio-

52 1499 167 1529 nem
207 1480 468 1525 urharialis
505 1478 820 1542 regulationis
872 1476 1069 1522 exmissi
1119 1477 1329 1534 suerint,
1401 1480 1452 1523 hi

53 1562 215 1624 primo
257 1577 450 1622 quoque
494 1566 748 1621 tempore,
823 1559 933 1602 data
979 1557 1180 1619 praevie
1229 1559 1454 1603 dominio

54 1641 305 1697 terrestri,
365 1648 412 1684 et
452 1641 623 1685 incolis
657 1640 750 1684 loci
799 1639 928 1684 illius
973 1638 1145 1684 notitia
1183 1640 1244 1683 ad
1280 1638 1458 1684 faciem

54 1722 297 1766 bonorum
322 1720 711 1782 regulandorum
748 1727 952 1775 exeant,
1006 1720 1264 1765 dominum
1300 1726 1457 1762 terre-

57 1808 208 1845 strem
239 1801 552 1857 conveniant,
603 1803 660 1846 ab
694 1801 968 1862 eodemque
1004 1800 1358 1856 domesticam,
1411 1800 1452 1844 si

59 1882 303 1937 habetur,
343 1882 760 1942 conscriptionem
793 1898 885 1944 pro
922 1882 1107 1926 lumine
1148 1888 1195 1925 et
1226 1881 1452 1943 «quadam

56 1961 439 2006 manuductione
496 1961 586 2005 sibi
631 1962 982 2006 communicari
1026 1968 1279 2022 expetant,
1338 1967 1455 2004 tunc

53 2058 169 2087 vero
194 2057 278 2085 seu
305 2041 442 2084 illam
468 2039 805 2095 obtinuerint,
844 2057 932 2085 seu
969 2057 1090 2098 non,
1128 2040 1451 2104 progredian-

60 2128 138 2165 tur
170 2121 222 2166 in
244 2119 602 2182 conscriptione
635 2120 832 2182 praevie
877 2130 1077 2182 excepto
1107 2138 1134 2166 a
1177 2121 1454 2166 senioribus

60 2202 335 2248 incolarum
376 2218 524 2263 super
568 2201 755 2246 sincera
797 2203 1092 2246 revelatione
1139 2200 1457 2263 appertinen-

60 2282 271 2335 tiarum,
310 2288 356 2325 et
388 2281 741 2334 beneficiorum
771 2283 1068 2326 iuramento.

188 2372 232 2409 2.
269 2361 629 2424 Conscriptioni
672 2363 784 2407 huic
827 2363 901 2406 vel
937 2361 1030 2423 ipsi
1069 2360 1260 2405 domini
1297 2369 1452 2405 terre-

59 2446 179 2485 stres
198 2474 212 2496 ,
261 2448 342 2485 aut
372 2458 540 2487 eorum
571 2442 802 2488 officiales
837 2441 1094 2497 intersint,
1151 2448 1199 2485 et
1224 2442 1261 2486 si
1285 2458 1452 2504 quam-

59 2522 194 2584 piam
221 2523 525 2567 subditorum
559 2524 810 2571 sinistram
852 2523 1166 2566 observarent
1189 2521 1448 2566 revelatio-

59 2619 204 2659 nem,
257 2607 466 2650 eandem
489 2622 599 2650 mox
625 2606 897 2659 declarent,
934 2612 984 2648 ut
1020 2604 1182 2649 taliter
1214 2610 1352 2648 tanto
1384 2605 1446 2648 ci-

61 2685 150 2732 tius
177 2686 390 2751 genuina
410 2685 482 2731 rei
514 2687 689 2730 veritas
719 2684 828 2729 erui
862 2691 1020 2747 queat.

192 2778 234 2815 3.
269 2768 316 2813 Si
365 2767 659 2815 revelationi
709 2766 1016 2814 subditorum
1065 2766 1255 2813 domini
1297 2774 1451 2810 terre-
