1669 3189
731 187 1073 267 *547⁶*

209 308 415 354 modum
463 306 676 350 adnexae
725 295 954 343 similiter
993 298 1372 366 conscripssiones
1411 315 1609 358 remon-q

203 395 389 437 strant)
412 376 886 431 sessionalihus
920 383 1053 423 tam
1089 377 1306 434 intra,
1342 397 1488 442 quam
1517 397 1607 427 ex.

209 476 354 513 trav
376 461 560 509 illani
579 477 597 505 s
633 458 802 512 (nullis
857 458 935 502 hic
974 457 1070 502 loci
1119 458 1452 520 praedialibus
1497 461 1606 506 fun-

211 549 313 601 dis,
349 540 590 605 pomariis
613 573 626 595 ‚
659 537 911 602 prunetis‚
963 545 1046 583 aut
1080 538 1314 600 lupuletis
1353 540 1407 586 in
1458 541 1604 588 terris

207 623 549 672 sessionalibus
577 620 901 667 extravillanis
934 619 1188 682 repertis).
1215 645 1282 655 —-
1300 646 1366 655 --

338 704 566 749 Tandem
602 703 655 747 in
681 702 710 746 d
727 709 891 747 esert
910 718 969 747 os
998 717 1191 763 quoque
1212 700 1381 746 fundos
1408 700 1608 764 inquisi-

208 788 397 843 vimus,
433 785 518 831 ubi
546 786 680 847 juxta
718 783 950 829 fassiones
998 783 1288 828 colonorum
1333 781 1396 827 ad
1427 797 1606 828 novem

206 867 588 931 interrogatoria
633 873 815 927 puncta
865 870 1148 910 numeratae
1197 870 1336 908 erant
1386 863 1606 908 desertae

211 951 444 996 sessiones
473 946 716 1009 quartales
753 962 858 990 nro.
885 952 960 994 34.
998 959 1114 1007 quas
1148 945 1208 990 ab
1235 942 1606 999 immemoriali,

207 1037 259 1074 ‘et
286 1035 398 1073 ante
427 1023 924 1073 connumerationem
968 1031 1227 1086 portarum
1267 1024 1459 1070 domini
1514 1030 1608 1068 ter·

213 1117 396 1154 resti-es
438 1107 789 1170 possederunt,
835 1110 883 1148 et
926 1102 1037 1148 ideo
1078 1103 1497 1165 conscriptionem
1538 1102 1612 1147 in-

210 1206 403 1253 gressae
433 1205 533 1233 non
559 1194 684 1232 sunt.

336 1266 667 1312 Praeexistens
697 1264 907 1328 denique
934 1272 1044 1312 ante
1081 1263 1389 1310 urbarialem
1415 1267 1609 1330 regula-

208 1347 391 1393 tionem
422 1345 691 1392 sessionum
732 1347 937 1408 qualitas
974 1346 1027 1390 in
1065 1345 1410 1409 praeadvoluta
1447 1347 1613 1394 sessio-

210 1446 330 1475 num
366 1427 564 1473 rubrica
596 1428 706 1472 Ioco
762 1438 805 1472 1.
840 1425 1001 1488 posita
1033 1433 1310 1487 expressata
1365 1428 1610 1485 habetur,

211 1510 522 1570 urhariisque
549 1508 610 1569 ly
645 1525 672 1551 v
688 1507 703 1551 i
719 1525 752 1552 n
767 1506 798 1550 d
813 1522 837 1551 e
854 1521 903 1549 m
920 1504 937 1547 i
952 1523 978 1550 a
993 1522 1016 1548 r
1031 1522 1063 1549 u
1078 1522 1129 1550 m
1152 1505 1470 1554 inseruimus.

340 1590 409 1633 Ad
434 1589 555 1632 haec
584 1584 852 1630 terrestrali
865 1584 1085 1629 dominio
1099 1592 1233 1629 extra
1250 1604 1393 1631 usum
1410 1588 1605 1635 desum-

210 1668 420 1714 mendae
451 1667 505 1710 in
532 1672 708 1710 natura
731 1680 886 1711 nonae
901 1667 1188 1721 constituto,
1230 1667 1422 1713 tametsi
1447 1667 1611 1714 subdi-

212 1757 287 1794 tos
312 1748 372 1791 ad
398 1745 743 1810 praestandam
781 1744 991 1790 eandem
1025 1746 1138 1790 nisu
1179 1747 1316 1790 omni
1355 1747 1614 1809 disposuis-

215 1846 404 1885 semus,
439 1827 514 1872 his
544 1824 867 1870 nihilominus
907 1825 1215 1886 aequivalens
1244 1824 1373 1872 illius
1407 1828 1615 1890 praeeliq

217 1908 467 1973 gentihus,
504 1904 783 1952 dominium
817 1904 1115 1964 iterrestrale
1137 1912 1365 1969 paratum
1413 1924 1491 1954 aes
1533 1908 1614 1954 de-

214 1988 503 2037 nominavit.

345 2070 562 2113 Demum
587 2067 892 2129 possessione
912 2067 1001 2113 hac
1027 2067 1366 2130 promontorio
1399 2085 1613 2115 commu·

215 2149 267 2194 ni
293 2149 548 2204 destituta,
585 2148 714 2193 circa
737 2147 945 2210 liquidas
972 2155 1018 2193 et
1056 2149 1215 2193 aridas
1244 2165 1498 2194 mensuras
1536 2165 1609 2207 ea,

218 2244 341 2290 quae
374 2228 426 2274 in
480 2243 584 2290 cap.
625 2228 711 2274 ΙΙΙ.
750 2227 792 2288 §.
834 2240 874 2276 Ἰ.
911 2228 1343 2290 praescribuntur,
1393 2230 1613 2277 effectun-
1658 2233 1666 2239 '

216 2309 388 2355 vimus.

345 2391 667 2436 Generalibus
698 2391 813 2436 dein
837 2388 1198 2453 prohibitis
1222 2406 1380 2451 punc
1400 2389 1499 2447 tis,
1540 2390 1611 2437 in-

220 2470 337 2514 colis
366 2471 688 2532 possessionis
732 2470 874 2531 hujus
916 2470 1144 2532 perlectis
1165 2502 1179 2526 ,
1226 2475 1274 2514 et
1322 2469 1609 2531 publicatis,

219 2567 377 2611 neque
411 2570 528 2601 vero
553 2571 639 2599 seu
670 2554 840 2615 prius,
876 2570 960 2598 seu
987 2553 1074 2598 sub
1104 2552 1262 2615 ipsum
1295 2550 1609 2615 regulationis

220 2640 413 2694 tempus
432 2638 663 2699 quapiam
687 2635 1072 2698 transgressione
1094 2632 1611 2680 eorundem'evenien-

219 2718 296 2770 te,
330 2725 601 2766 accuratam
629 2726 731 2765 tam
768 2715 1038 2765 terrestrali
1078 2714 1324 2772 dominio,
1375 2728 1522 2776 quam
1560 2719 1609 2758 et
