1669 3189
683 195 739 206 υ-
810 172 896 214 580
956 195 1026 207 um

295 278 336 337 ξ.
378 282 419 325 0'.
475 279 610 321 Nona
659 273 763 318 vini
801 274 976 319 eadem
1020 289 1274 333 mensura,
1321 295 1416 341 qua
1455 278 1557 339 ipsa

164 358 440 419 procreatio
470 360 819 410 mensuratur,
856 361 904 399 et
939 355 1136 417 quidem
1182 372 1306 401 urna
1355 357 1556 418 posoni-

162 438 270 482 ensi
305 453 331 479 a
371 445 427 482 5‘2
460 432 612 494 pintis
643 440 928 496 computata
948 467 962 491 ,
997 442 1139 497 atque
1168 451 1226 480 ex
1255 436 1424 481 eadem
1455 454 1559 499 spe-

165 518 254 572 cie,
282 514 417 576 cujus
438 520 507 559 est
534 515 828 575 procreatio,
864 517 1039 578 absque
1062 515 1198 561 omni
1223 516 1552 560 additamento
1617 538 1621 539 ⁷
1662 505 1669 547 ,¹

166 597 406 656 exigatur:
457 593 645 655 pariter
676 594 749 655 jus
789 604 1082 641 montanum
1120 613 1217 642 non
1245 596 1366 652 alia,
1411 612 1558 656 quam

165 672 446 738 posoniensi
471 691 701 720 mensura
734 693 760 721 a
787 687 845 724 32
879 677 1055 738 pinus,
1091 693 1172 722 seu
1203 680 1263 724 64
1290 675 1466 720 mediis
1497 675 1560 718 ad

171 772 324 800 unam
353 771 527 802 urnam
560 756 905 818 posoniensem
940 756 1266 818 computanda
1292 755 1568 801 desumma-

170 842 266 881 tur.

299 914 338 974 §.
378 926 419 961 Ἰ.
464 913 754 976 Ubicunque
800 932 827 959 a
858 914 1088 976 tempore
1132 915 1316 961 conditi
1355 914 1550 959 articuli

171 1008 247 1054 Οἵ.
283 1004 421 1042 1715.
447 995 525 1039 vel
571 994 675 1056 ipsa
723 994 926 1039 antehac
975 995 1224 1056 praestiti,
1258 996 1334 1040 vel
1373 996 1422 1039 in
1456 1009 1568 1055 pro-

169 1073 464 1119 monthoriis
504 1092 527 1119 a
561 1073 815 1120 modosato
857 1090 983 1119 anno
1028 1074 1224 1121 noviter
1260 1072 1564 1135 implantatis

173 1157 489 1217 scriptotenus
518 1157 592 1200 vel
623 1173 754 1200 secus
789 1154 938 1200 etiam
975 1162 1216 1200 conventa
1236 1153 1383 1199 musti
1417 1169 1564 1214 quan-

170 1239 278 1283 titas
315 1252 408 1299 per
436 1237 584 1281 aliam
615 1252 641 1279 a
662 1234 950 1297 posoniensi
987 1236 1316 1292 differentem,
1353 1235 1574 1296 adeoque

174 1318 427 1364 abusivam
449 1333 732 1362 mensuram
758 1318 980 1373 adaucta,
1020 1317 1097 1361 vel
1124 1333 1240 1361 vero
1267 1315 1391 1361 aliae
1421 1331 1564 1377 quae-

166 1398 300 1460 piam
323 1413 475 1442 novae
506 1397 861 1459 praestationes
885 1397 1191 1441 introductae
1218 1395 1441 1451 fuissent,
1478 1396 1574 1439 hae
1629 1422 1643 1433 ι

176 1494 376 1535 omnes,
414 1494 509 1539 qua
537 1478 782 1542 ill‘egales,
818 1484 867 1521 et
894 1475 1161 1522 excessivae
1196 1492 1309 1521 mox
1337 1474 1573 1519 sufferan-

173 1565 281 1613 tur,
322 1573 373 1601 ac
404 1557 510 1617 ipsa
539 1558 778 1619 quantitas
817 1556 951 1618 juxta
977 1555 1173 1599 citatam
1193 1557 1445 1617 antiquam
1467 1571 1575 1598 con-

174 1638 512 1692 svetudinem‚
569 1643 617 1680 et
649 1651 826 1680 novam
865 1636 1237 1680 conventionem
1280 1634 1575 1696 praestanda

176 1721 236 1765 ad
272 1733 555 1762 mensuram
592 1717 935 1778 posoniensem
963 1716 1257 1770 reducatur,
1303 1721 1355 1759 et
1409 1715 1576 1758 taliter

176 1799 377 1844 reducta
404 1796 609 1841 ulterius
665 1795 815 1840 etiam
850 1800 1146 1855 praestetur·

306 1876 402 1923 Ubi
432 1893 549 1921 vero
575 1882 686 1937 post
712 1890 896 1920 annum
929 1885 1049 1922 1715
1075 1889 1227 1920 novae
1250 1873 1423 1919 vineae
1449 1875 1581 1936 plan-

176 1966 306 2004 tatae
359 1964 499 2013 sunt,
535 1963 580 2001 et
614 1955 733 2016 juris
771 1955 991 1999 montani
1025 1956 1290 2016 praestatio
1338 1971 1430 2015 per
1469 1971 1576 2001 con-

177 2047 387 2084 tractum
406 2070 422 2094 ,
460 2035 833 2082 conventionem
853 2067 867 2091 ,
904 2041 986 2078 aut
1011 2034 1105 2078 alia
1128 2034 1412 2080 modalitate
1443 2050 1576 2079 acco-

177 2121 373 2165 modata
394 2126 489 2173 est,
525 2116 595 2161 ibi
628 2117 702 2178 jus
732 2122 1017 2160 montanum
1043 2114 1104 2160 ad
1129 2131 1411 2160 mensuram
1438 2130 1577 2175 poso-

176 2202 401 2248 niensem
428 2197 769 2244 reducendum
792 2197 1112 2258 ultroquoque
1138 2195 1190 2240 in
1215 2212 1301 2241 suo
1336 2211 1437 2241 esse
1475 2210 1575 2246 ma-

176 2289 316 2337 neat,
360 2287 408 2325 et
427 2295 576 2325 novae
610 2277 778 2323 nesors
811 2274 1170 2339 praestationes
1209 2275 1437 2320 inductae
1473 2289 1571 2318 cas-

183 2369 365 2408 sentur.

312 2440 351 2501 §.
385 2450 433 2502 ,8.
468 2441 538 2485 Ne
594 2436 665 2497 jus
700 2444 989 2482 montanum
1030 2435 1192 2481 taliter
1226 2436 1486 2481 reductum
1520 2433 1574 2478 in

182 2528 432 2582 posterum
461 2518 801 2582 quoquomodo
827 2524 1089 2579 augeatur,
1132 2515 1184 2560 in
1209 2515 1402 2579 singulo
1430 2516 1535 2559 loco
1557 2545 1573 2569 9

182 2600 265 2646 uhi
287 2601 408 2645 illud
437 2600 780 2656 dcsummitur,
819 2598 1046 2661 specifica
1067 2596 1319 2642 vinearum
1338 2603 1384 2641 et
1407 2597 1466 2640 ab
1496 2593 1572 2640 his

181 2680 483 2726 obvenientis
502 2680 636 2738 juxta
651 2695 929 2726 mensuram
945 2677 1283 2741 posoniensem
1301 2676 1422 2739 juris
1439 2687 1573 2718 mon-

180 2759 281 2806 tani
306 2761 392 2805 sub
425 2761 703 2806 authentico
734 2761 990 2806 comitatus
1028 2758 1314 2820 expediatur
1350 2761 1571 2802 connota-
