1669 3189
571 152 906 207 motaq-u

451 261 703 305 Sabsidia
741 257 1025 305 diaetalz‘a.

161 362 234 400 12.
271 351 366 396 Illis
408 352 619 398 dominis
647 354 986 408 terrestribus,
1022 349 1107 413 qui
1145 367 1235 412 per
1265 367 1405 414 regaa

25 431 96 475 ies
128 432 188 476 ad
231 433 370 494 regni
402 432 613 477 diaetam
641 441 927 488 evocantur,
963 430 1226 477 dictamine
1267 431 1415 477 etiam

24 510 146 572 legis
187 512 398 557 subsidio
434 513 688 557 moderate
718 521 881 558 tamen
903 512 1215 574 imponendo
1243 511 1411 565 subve-

26 589 136 634 nire
174 591 332 635 coloni
365 592 678 637 tenebuntur.
737 590 964 636 Vicissim
1003 606 1119 635 vero
1149 592 1240 636 hoc
1271 592 1412 638 titulo

15 669 76 714 'in
100 669 325 717 medium
348 671 599 716 comitatus
625 669 750 716 nihil
777 669 1099 716 contribuerit.

21 804 379 848 Robottaram
413 801 636 846 relzzz'tio
665 817 764 859 per
811 808 1121 862 quaestores
1146 832 1160 856 ,
1210 808 1263 844 et
1304 805 1409 860 opi-

641 860 807 930 fiCCS.

156 991 228 1027 15.
266 978 473 1040 Opifices
517 985 564 1023 et
594 985 872 1040 quaestores
901 979 953 1022 in
975 977 1109 1041 pagis
1136 985 1182 1021 et
1220 977 1414 1039 oppidis

23 1066 386 1103 commorantes
412 1091 425 1113 ,
474 1056 608 1116 juxta
644 1057 911 1103 ineundam
953 1059 1260 1103 moderatam
1306 1072 1412 1101 con-

17 1139 302 1185 ventionem
331 1138 390 1183 ab
420 1137 615 1198 opificio
653 1144 699 1182 et
727 1145 930 1199 quaestu
960 1139 1161 1183 domino
1189 1137 1413 1182 terrestri

17 1218 317 1280 praestanda
341 1219 673 1279 praestabunt,
709 1218 923 1264 robottas
957 1235 1072 1264 vero
1107 1218 1256 1262 modo
1281 1233 1421 1279 prae-

20 1301 266 1346 declarato
294 1298 385 1343 sibi
412 1298 749 1344 incumbentes
779 1316 889 1344 aere
912 1306 1084 1360 parato
1109 1299 1252 1343 unius
1282 1314 1417 1344 nem-

14 1397 78 1442 pe
110 1380 205 1424 diei
225 1378 507 1423 manualem
540 1390 629 1434 12.,
648 1377 865 1440 jugalem
881 1394 995 1422 vero
1013 1378 1258 1423 robottam
1275 1384 1334 1426 24
1357 1394 1415 1422 x.

0 1458 256 1526 {solutione
279 1456 559 1502 redimendi
589 1456 840 1518 optionem
876 1458 1138 1503 habebunt.

0 1529 3 1547 D

0 1572 246 1635 {Venatio
273 1621 287 1645 ‚
333 1589 566 1648 piscatio
599 1618 611 1641 ,
660 1588 981 1645 aucupiam,
1024 1593 1103 1632 est
1123 1585 1285 1648 juris
1329 1583 1414 1628 elva

0 1673 1 1676 ¹
577 1653 823 1697 mz'nalis.

151 1771 223 1814 14.
257 1763 481 1818 Venatio,
514 1761 736 1823 piscatio,
774 1762 1038 1824 aucupium
1079 1762 1228 1805 ctiam
1272 1775 1413 1821 prae-

16 1848 113 1894 cise
144 1846 205 1890 ad
231 1842 305 1903 jus
333 1841 582 1888 dominale
631 1840 872 1902 pertinet,
910 1857 962 1884 ac
985 1839 1098 1884 ideo
1133 1841 1252 1884 haec
1280 1855 1414 1882 exer-

17 1943 127 1974 cere
174 1922 356 1970 colonis
404 1919 709 1983 prohibetur.
777 1919 846 1963 Ad
884 1919 1197 1964 venationem
1245 1924 1415 1961 autem

16 2008 168 2054 etiam
206 2005 268 2051 ob
309 1999 687 2063 extirpationem
717 1999 969 2060 rapacium
1006 1997 1224 2043 serarum
1260 1997 1416 2041 domi-

0 2092 79 2148 {no
122 2082 340 2131 terrestri
375 2080 526 2126 ternis
575 2094 666 2140 per
707 2071 887 2124 annum
934 2077 1150 2133 vicibus,
1185 2083 1412 2137 tempore

0 2159 258 2227 finimirum
311 2179 402 2226 per
447 2159 752 2223 magistratus
797 2159 1133 2204 comitatenses
1179 2156 1416 2201 destinan-

19 2247 80 2291 do
113 2244 457 2308 praestandam
496 2240 863 2302 obligabuntur‚
920 2238 1098 2293 coloni,
1160 2252 1254 2299 quo
1301 2251 1414 2279 casu

20 2325 210 2371 domini
235 2330 490 2370 terrestres
513 2319 700 2365 eisdem
734 2319 992 2381 plumbum
1020 2324 1067 2363 et
1092 2318 1318 2379 pulveres
1345 2313 1415 2375 pi„

21 2405 117 2450 rios
148 2403 549 2466 suppeditabunt.

435 2527 862 2577 *SECTIO
930 2530 987 2578 II.

381 2614 643 2657 Normae
678 2609 1042 2655 urbarialis.

152 2709 289 2755 Ultra
319 2707 438 2751 haec
465 2721 556 2768 pro
590 2704 814 2749 ulteriori
848 2711 948 2749 tam
983 2699 1298 2747 dominorum
1319 2705 1409 2744 ten

21 2790 254 2838 restrium
279 2820 293 2846 ,
344 2802 612 2850 eorumque
650 2785 974 2843 officialium,
1018 2780 1323 2837 servitorum,
1361 2784 1408 2824 et
