1669 3189
709 200 777 211 w.-
834 177 917 224 450
978 196 1046 210 ws-

335 287 417 333 Ad
463 289 716 344 punctum
749 289 794 326 2.
829 279 890 322 de
932 271 1216 340 beneficiis
1260 281 1587 326 colonorum.

208 364 299 412 Ubi
338 365 493 409 coloni
522 379 574 406 ex
612 358 804 403 defectu
834 359 1076 419 sylvarum
1110 356 1376 422 lignatione
1397 364 1589 419 nearent,

206 462 295 490 nec
329 444 502 494 sec-blo,
570 454 659 483 nec
688 438 898 483 devectio
924 437 1186 500 orgialium
1223 437 1472 500 lignorum
1499 453 1590 499 pro

204 532 340 586 parte
368 518 571 565 dominii
597 519 778 562 colonis
809 517 1063 562 incumbit.

330 602 412 646 Ad
432 606 688 659 punctum
715 611 758 647 3.
789 600 849 643 cle
897 601 1125 644 robottis
1149 605 1199 644 et
1220 598 1590 643 servitutibus.

204 685 278 727 De
325 679 572 724 laboribus
614 678 809 742 bijugo,
864 679 942 722 vel
976 677 1264 740 quadrijugo
1307 676 1500 739 quando
1543 682 1592 719 et

205 760 412 822 qualiter
443 758 761 820 praestandis.
848 759 894 802 Si
930 774 1079 819 penes
1119 766 1366 803 araturam
1401 755 1592 818 quadri-

202 840 314 902 jugo
343 839 719 901 perficiendam,
769 854 921 882 unum
949 838 1257 883 individuum
1283 855 1382 883 non
1407 837 1592 882 suffice-

203 927 304 974 ret,
363 926 475 962 tunc
505 919 699 963 colonus
727 933 879 962 unum
903 934 994 977 pro
1019 918 1213 974 labore,
1269 919 1477 963 alterum
1499 933 1589 979 pro

203 998 517 1061 impellendis
545 997 807 1060 pecoribus
832 997 1161 1058 qualificatum
1183 1005 1395 1042 statuere
1430 997 1590 1053 debet,

205 1080 300 1122 duo
318 1086 478 1122 tamen
495 1081 613 1122 haec
628 1077 881 1123 individua
897 1075 958 1120 ad
973 1082 1192 1120 aratrum
1209 1075 1466 1133 destinata,
1485 1078 1589 1123 aliis

203 1158 509 1202 manualibus
552 1157 755 1201 robottis
806 1155 1001 1216 gravari
1037 1160 1298 1215 nequeant.
1402 1154 1591 1204 (Solent

200 1239 250 1282 in
286 1235 532 1280 nonnullis
578 1236 717 1291 locis,
781 1232 1077 1295 praesertim
1119 1240 1249 1277 trans
1298 1233 1585 1279 danubianis

198 1316 417 1378 partibus
448 1314 607 1359 coloni
630 1331 722 1375 pro
749 1330 848 1358 uno
877 1312 1049 1375 jugero
1073 1320 1263 1370 terrae,
1320 1329 1409 1374 per
1435 1314 1590 1358 domi-

199 1414 282 1442 nos
307 1401 564 1440 terrestres
598 1392 717 1454 ipsis
745 1393 1038 1437 exarendato
1052 1419 1078 1448 ς
1125 1393 1178 1436 in
1201 1393 1357 1437 vicem
1393 1395 1590 1439 arenda-

201 1480 259 1524 lis
287 1495 477 1532 census,
512 1491 664 1519 unum
687 1474 918 1536 jugerum
942 1481 1104 1518 terrae
1129 1489 1219 1533 pro
1246 1471 1466 1516 dominio
1491 1479 1589 1516 ter-

199 1560 273 1603 nis
325 1557 507 1600 vicibus
558 1554 814 1609 subal-are,
885 1561 932 1598 et
968 1552 1034 1597 sic
1075 1570 1099 1596 a
1139 1552 1460 1614 proportione
1495 1569 1589 1614 pro

198 1637 419 1700 pluribus
447 1634 730 1696 jugeribus3
766 1634 817 1678 in
846 1635 951 1678 aliis
981 1640 1153 1677 autem
1188 1633 1339 1689 locis,
1373 1649 1590 1694 praeser-

200 1717 290 1760 tim
333 1715 710 1769 remotioribus,
775 1714 931 1758 solent
978 1730 1069 1774 pro
1106 1720 1303 1758 aratura
1340 1715 1482 1758 unius
1518 1715 1590 1777 ju-

200 1796 305 1858 geri
347 1792 527 1838 colonis
563 1794 657 1837 duo
691 1791 867 1836 floreni
901 1791 1050 1847 solvi,
1098 1807 1151 1835 ac
1189 1808 1286 1836 una
1326 1792 1491 1852 panis,
1538 1777 1587 1839 et

196 1882 338 1937 potus
367 1874 456 1916 hac
481 1872 730 1916 occasione
765 1869 1072 1933 suppeditari
1119 1886 1175 1914 ex
1206 1878 1346 1932 parte
1378 1873 1586 1919 dominii

196 1952 536 2002 terrem-alis.)

321 2035 463 2098 Quod
477 2050 593 2079 vero
618 2034 1034 2095 dupplicationem
1060 2033 1368 2080 robottarum
1386 2051 1579 2084 concer-

195 2114 293 2171 nit3
339 2113 572 2176 obligatio
609 2121 701 2169 est,
754 2121 806 2158 ut
845 2113 989 2159 unius
1015 2114 1234 2176 integrae
1267 2117 1488 2163 sessionis
1513 2134 1587 2162 co-

195 2196 334 2239 lonus
367 2195 428 2238 ad
460 2209 711 2239 summum
745 2211 900 2239 unum
939 2195 1067 2240 diem
1092 2193 1340 2258 jugalem,
1387 2205 1434 2244 et
1469 2199 1586 2245 duos

199 2279 300 2323 dies
337 2276 584 2321 manuales
618 2275 670 2320 in
700 2275 931 2320 continuo
965 2282 1204 2339 praestet3
1264 2284 1312 2322 et
1342 2280 1456 2340 quia
1489 2297 1590 2326 me.

200 2362 306 2405 diae
335 2358 563 2403 sessionis
595 2358 791 2401 colonus
815 2357 1202 2418 septimanatim‚
1247 2362 1587 2407 tantummodo

200 2441 258 2483 ad
285 2439 474 2483 mediae
501 2436 600 2481 diei
638 2435 840 2498 jugalis,
898 2431 974 2479 vel
1003 2434 1225 2498 integrae
1262 2436 1359 2482 diei
1393 2454 1587 2484 manua-

199 2520 257 2563 lis
284 2546 347 2550 ——
374 2515 652 2579 quartalista
677 2531 795 2559 vero
827 2515 887 2559 ad
918 2521 1140 2576 quartam
1180 2521 1372 2577 partem
1397 2518 1494 2564 diei
1515 2520 1586 2582 ju-

201 2600 324 2661 gali,
378 2599 452 2641 vel
485 2596 675 2642 mediae
712 2595 810 2640 diei
850 2596 1091 2651 manuali,
1159 2596 1399 2658 obligatus
1445 2608 1583 2658 esset,

198 2679 404 2742 proinde
432 2677 534 2720 talis
562 2678 757 2721 colonus
781 2676 931 2721 relate
958 2675 1018 2719 ad
1047 2675 1346 2737 dupplicatas
1367 2678 1582 2726 robottas

199 2761 337 2805 unice
384 2757 516 2820 juxta
558 2758 927 2818 proportionem
970 2758 1295 2819 septimanalis
1331 2757 1581 2822 obtingen⁶
