<?xml version="1.0" encoding="UTF-8"?>
<!DOCTYPE html PUBLIC "-//W3C//DTD XHTML 1.0 Transitional//EN"
    "http://www.w3.org/TR/xhtml1/DTD/xhtml1-transitional.dtd">
<html xmlns="http://www.w3.org/1999/xhtml" xml:lang="en" lang="en">
 <head>
  <title>
</title>
<meta http-equiv="Content-Type" content="text/html;charset=utf-8" />
  <meta name='ocr-system' content='tesseract 3.04.00' />
  <meta name='ocr-capabilities' content='ocr_page ocr_carea ocr_par ocr_line ocrx_word'/>
</head>
<body>
  <div class='ocr_page' id='page_1' title='image "./constitutioreiur02paul_0048.png"; bbox 0 0 1669 3189; ppageno 0'>
   <div class='ocr_carea' id='block_1_1' title="bbox 719 172 1056 226">
    <p class='ocr_par' dir='ltr' id='par_1_1' title="bbox 719 172 1056 226">
     <span class='ocr_line' id='line_1_1' title="bbox 719 172 1056 226; baseline -0.015 -19"><span class='ocrx_word' id='word_1_1' title='bbox 719 196 788 207; x_wconf 71' lang='lat'>....</span> <span class='ocrx_word' id='word_1_2' title='bbox 848 172 929 226; x_wconf 76' lang='lat'>373</span> <span class='ocrx_word' id='word_1_3' title='bbox 987 192 1056 202; x_wconf 57' lang='lat' dir='ltr'>m.</span> 
     </span>
    </p>
   </div>
   <div class='ocr_carea' id='block_1_2' title="bbox 181 273 1582 2730">
    <p class='ocr_par' dir='ltr' id='par_1_2' title="bbox 182 273 1569 730">
     <span class='ocr_line' id='line_1_2' title="bbox 183 273 1565 340; baseline -0.009 -11"><span class='ocrx_word' id='word_1_4' title='bbox 183 292 327 340; x_wconf 75' lang='lat' dir='ltr'>stres,</span> <span class='ocrx_word' id='word_1_5' title='bbox 363 283 437 328; x_wconf 89' lang='lat' dir='ltr'>vel</span> <span class='ocrx_word' id='word_1_6' title='bbox 463 295 633 325; x_wconf 84' lang='lat' dir='ltr'>eorum</span> <span class='ocrx_word' id='word_1_7' title='bbox 672 275 903 319; x_wconf 79' lang='lat' dir='ltr'>officiales</span> <span class='ocrx_word' id='word_1_8' title='bbox 928 291 1025 318; x_wconf 86' lang='lat' dir='ltr'>non</span> <span class='ocrx_word' id='word_1_9' title='bbox 1065 273 1431 334; x_wconf 78' lang='lat' dir='ltr'>aquiesceren‘t‚</span> <span class='ocrx_word' id='word_1_10' title='bbox 1494 279 1565 317; x_wconf 86' lang='lat' dir='ltr'>to-</span> 
     </span>
     <span class='ocr_line' id='line_1_3' title="bbox 182 344 1563 425; baseline -0.009 -17"><span class='ocrx_word' id='word_1_11' title='bbox 182 365 270 409; x_wconf 90' lang='lat' dir='ltr'>ties</span> <span class='ocrx_word' id='word_1_12' title='bbox 309 362 495 425; x_wconf 88' lang='lat' dir='ltr'>quoties</span> <span class='ocrx_word' id='word_1_13' title='bbox 528 355 853 402; x_wconf 86' lang='lat' dir='ltr'>necessarium</span> <span class='ocrx_word' id='word_1_14' title='bbox 892 344 1246 414; x_wconf 81' lang='lat' dir='ltr'>judicaverint,</span> <span class='ocrx_word' id='word_1_15' title='bbox 1301 353 1361 397; x_wconf 88' lang='lat' dir='ltr'>ad</span> <span class='ocrx_word' id='word_1_16' title='bbox 1392 353 1563 398; x_wconf 87' lang='lat' dir='ltr'>faciem</span> 
     </span>
     <span class='ocr_line' id='line_1_4' title="bbox 182 434 1567 500; baseline -0.008 -13"><span class='ocrx_word' id='word_1_17' title='bbox 182 442 274 488; x_wconf 92' lang='lat' dir='ltr'>loci</span> <span class='ocrx_word' id='word_1_18' title='bbox 301 445 587 500; x_wconf 76' lang='lat' dir='ltr'><strong>exequentes</strong></span> <span class='ocrx_word' id='word_1_19' title='bbox 621 435 1008 498; x_wconf 79' lang='lat' dir='ltr'>magistratuales</span> <span class='ocrx_word' id='word_1_20' title='bbox 1044 439 1242 488; x_wconf 83' lang='lat' dir='ltr'>exeant,</span> <span class='ocrx_word' id='word_1_21' title='bbox 1285 441 1341 477; x_wconf 68' lang='lat' dir='ltr'>,et</span> <span class='ocrx_word' id='word_1_22' title='bbox 1363 436 1477 478; x_wconf 45' lang='lat' dir='ltr'>rem⁷</span> <span class='ocrx_word' id='word_1_23' title='bbox 1497 434 1567 477; x_wconf 89' lang='lat' dir='ltr'>in-</span> 
     </span>
     <span class='ocr_line' id='line_1_5' title="bbox 182 513 1565 582; baseline -0.01 -13"><span class='ocrx_word' id='word_1_24' title='bbox 182 524 434 582; x_wconf 74' lang='lat' dir='ltr'>vestigent,</span> <span class='ocrx_word' id='word_1_25' title='bbox 471 534 523 561; x_wconf 89' lang='lat' dir='ltr'>ac</span> <span class='ocrx_word' id='word_1_26' title='bbox 555 516 701 561; x_wconf 86' lang='lat' dir='ltr'>etiam</span> <span class='ocrx_word' id='word_1_27' title='bbox 728 516 786 560; x_wconf 93' lang='lat' dir='ltr'>de</span> <span class='ocrx_word' id='word_1_28' title='bbox 811 515 1070 577; x_wconf 73' lang='lat' dir='ltr'>capacitate</span> <span class='ocrx_word' id='word_1_29' title='bbox 1094 529 1329 576; x_wconf 81' lang='lat' dir='ltr'>agrorum</span> <span class='ocrx_word' id='word_1_30' title='bbox 1358 513 1565 573; x_wconf 88' lang='lat' dir='ltr'>probam</span> 
     </span>
     <span class='ocr_line' id='line_1_6' title="bbox 183 596 1569 657; baseline -0.007 -11"><span class='ocrx_word' id='word_1_31' title='bbox 183 602 468 652; x_wconf 71' lang='lat' dir='ltr'>instituant,</span> <span class='ocrx_word' id='word_1_32' title='bbox 514 604 566 642; x_wconf 85' lang='lat' dir='ltr'>ut</span> <span class='ocrx_word' id='word_1_33' title='bbox 590 598 667 641; x_wconf 90' lang='lat' dir='ltr'>vel</span> <span class='ocrx_word' id='word_1_34' title='bbox 702 596 790 639; x_wconf 87' lang='lat' dir='ltr'>hac</span> <span class='ocrx_word' id='word_1_35' title='bbox 820 597 895 640; x_wconf 90' lang='lat' dir='ltr'>via</span> <span class='ocrx_word' id='word_1_36' title='bbox 931 602 1242 657; x_wconf 74' lang='lat' dir='ltr'>cognoscant,</span> <span class='ocrx_word' id='word_1_37' title='bbox 1292 610 1351 637; x_wconf 89' lang='lat' dir='ltr'>an</span> <span class='ocrx_word' id='word_1_38' title='bbox 1375 607 1465 653; x_wconf 88' lang='lat' dir='ltr'>per</span> <span class='ocrx_word' id='word_1_39' title='bbox 1495 607 1569 636; x_wconf 92' lang='lat' dir='ltr'>co-</span> 
     </span>
     <span class='ocr_line' id='line_1_7' title="bbox 182 671 1569 730; baseline -0.006 -5"><span class='ocrx_word' id='word_1_40' title='bbox 182 684 315 727; x_wconf 86' lang='lat' dir='ltr'>lonos</span> <span class='ocrx_word' id='word_1_41' title='bbox 346 679 557 722; x_wconf 86' lang='lat' dir='ltr'>revelata</span> <span class='ocrx_word' id='word_1_42' title='bbox 603 675 796 721; x_wconf 84' lang='lat' dir='ltr'>veritati</span> <span class='ocrx_word' id='word_1_43' title='bbox 835 675 929 719; x_wconf 88' lang='lat' dir='ltr'>sint</span> <span class='ocrx_word' id='word_1_44' title='bbox 960 681 1307 730; x_wconf 81' lang='lat' dir='ltr'>consentanea3</span> <span class='ocrx_word' id='word_1_45' title='bbox 1362 690 1449 718; x_wconf 89' lang='lat' dir='ltr'>nec</span> <span class='ocrx_word' id='word_1_46' title='bbox 1472 671 1569 717; x_wconf 81' lang='lat' dir='ltr'>ne?</span> 
     </span>
    </p>

    <p class='ocr_par' dir='ltr' id='par_1_3' title="bbox 181 753 1573 1279">
     <span class='ocr_line' id='line_1_8' title="bbox 314 753 1569 816; baseline -0.007 -13"><span class='ocrx_word' id='word_1_47' title='bbox 314 766 355 807; x_wconf 61' lang='lat' dir='ltr'>Ji.</span> <span class='ocrx_word' id='word_1_48' title='bbox 391 761 454 804; x_wconf 93' lang='lat' dir='ltr'>Ut</span> <span class='ocrx_word' id='word_1_49' title='bbox 485 764 649 802; x_wconf 85' lang='lat' dir='ltr'>autem</span> <span class='ocrx_word' id='word_1_50' title='bbox 675 757 851 811; x_wconf 87' lang='lat' dir='ltr'>sciant,</span> <span class='ocrx_word' id='word_1_51' title='bbox 899 756 1049 816; x_wconf 80' lang='lat' dir='ltr'>qualis</span> <span class='ocrx_word' id='word_1_52' title='bbox 1085 771 1313 798; x_wconf 82' lang='lat' dir='ltr'>mensura</span> <span class='ocrx_word' id='word_1_53' title='bbox 1335 753 1393 796; x_wconf 87' lang='lat' dir='ltr'>ad</span> <span class='ocrx_word' id='word_1_54' title='bbox 1415 767 1569 797; x_wconf 86' lang='lat' dir='ltr'>unum</span> 
     </span>
     <span class='ocr_line' id='line_1_9' title="bbox 182 831 1569 901; baseline -0.006 -19"><span class='ocrx_word' id='word_1_55' title='bbox 182 840 412 901; x_wconf 76' lang='lat' dir='ltr'>jugerum</span> <span class='ocrx_word' id='word_1_56' title='bbox 441 853 670 900; x_wconf 72' lang='lat' dir='ltr'>agrorum</span> <span class='ocrx_word' id='word_1_57' title='bbox 711 837 918 880; x_wconf 87' lang='lat' dir='ltr'>duarum</span> <span class='ocrx_word' id='word_1_58' title='bbox 950 841 1271 879; x_wconf 78' lang='lat' dir='ltr'>metretarum</span> <span class='ocrx_word' id='word_1_59' title='bbox 1307 831 1569 893; x_wconf 88' lang='lat' dir='ltr'>posonien-</span> 
     </span>
     <span class='ocr_line' id='line_1_10' title="bbox 182 914 1573 979; baseline -0.006 -16"><span class='ocrx_word' id='word_1_60' title='bbox 182 922 306 964; x_wconf 83' lang='lat' dir='ltr'>tium</span> <span class='ocrx_word' id='word_1_61' title='bbox 360 935 507 979; x_wconf 83' lang='lat' dir='ltr'>capax</span> <span class='ocrx_word' id='word_1_62' title='bbox 545 917 858 978; x_wconf 73' lang='lat' dir='ltr'>requiratur,</span> <span class='ocrx_word' id='word_1_63' title='bbox 917 914 977 957; x_wconf 81' lang='lat' dir='ltr'>ad</span> <span class='ocrx_word' id='word_1_64' title='bbox 1017 914 1290 958; x_wconf 82' lang='lat' dir='ltr'>eorundem</span> <span class='ocrx_word' id='word_1_65' title='bbox 1335 927 1573 972; x_wconf 86' lang='lat' dir='ltr'>exequen-</span> 
     </span>
     <span class='ocr_line' id='line_1_11' title="bbox 181 990 1567 1056; baseline -0.005 -13"><span class='ocrx_word' id='word_1_66' title='bbox 181 1000 308 1043; x_wconf 86' lang='lat' dir='ltr'>tium</span> <span class='ocrx_word' id='word_1_67' title='bbox 333 997 658 1042; x_wconf 79' lang='lat' dir='ltr'>directionem</span> <span class='ocrx_word' id='word_1_68' title='bbox 687 994 955 1049; x_wconf 85' lang='lat' dir='ltr'>deserviet,</span> <span class='ocrx_word' id='word_1_69' title='bbox 1002 994 1053 1038; x_wconf 86' lang='lat' dir='ltr'>in</span> <span class='ocrx_word' id='word_1_70' title='bbox 1075 994 1212 1056; x_wconf 79' lang='lat' dir='ltr'>gleba</span> <span class='ocrx_word' id='word_1_71' title='bbox 1245 990 1396 1036; x_wconf 89' lang='lat' dir='ltr'>fertili</span> <span class='ocrx_word' id='word_1_72' title='bbox 1429 1001 1567 1045; x_wconf 81' lang='lat'>1100,</span> 
     </span>
     <span class='ocr_line' id='line_1_12' title="bbox 182 1070 1572 1141; baseline -0.009 -18"><span class='ocrx_word' id='word_1_73' title='bbox 182 1081 321 1141; x_wconf 81' lang='lat' dir='ltr'>gleba</span> <span class='ocrx_word' id='word_1_74' title='bbox 359 1075 594 1121; x_wconf 87' lang='lat' dir='ltr'>mediocri</span> <span class='ocrx_word' id='word_1_75' title='bbox 643 1085 780 1122; x_wconf 79' lang='lat'>1200.</span> <span class='ocrx_word' id='word_1_76' title='bbox 818 1074 868 1118; x_wconf 92' lang='lat' dir='ltr'>in</span> <span class='ocrx_word' id='word_1_77' title='bbox 894 1074 1032 1136; x_wconf 81' lang='lat' dir='ltr'>gleba</span> <span class='ocrx_word' id='word_1_78' title='bbox 1070 1071 1221 1116; x_wconf 89' lang='lat' dir='ltr'>sterili</span> <span class='ocrx_word' id='word_1_79' title='bbox 1252 1082 1386 1118; x_wconf 83' lang='lat'><strong>1300.</strong></span> <span class='ocrx_word' id='word_1_80' title='bbox 1411 1070 1572 1132; x_wconf 79' lang='lat' dir='ltr'>orgias</span> 
     </span>
     <span class='ocr_line' id='line_1_13' title="bbox 186 1149 1573 1219; baseline -0.005 -18"><span class='ocrx_word' id='word_1_81' title='bbox 186 1159 439 1219; x_wconf 85' lang='lat' dir='ltr'>quadratas</span> <span class='ocrx_word' id='word_1_82' title='bbox 486 1158 543 1201; x_wconf 91' lang='lat' dir='ltr'>de</span> <span class='ocrx_word' id='word_1_83' title='bbox 590 1155 838 1199; x_wconf 88' lang='lat' dir='ltr'>ordinario</span> <span class='ocrx_word' id='word_1_84' title='bbox 885 1154 949 1198; x_wconf 83' lang='lat' dir='ltr'>ad</span> <span class='ocrx_word' id='word_1_85' title='bbox 998 1170 1150 1198; x_wconf 88' lang='lat' dir='ltr'>unum</span> <span class='ocrx_word' id='word_1_86' title='bbox 1202 1153 1296 1196; x_wconf 89' lang='lat' dir='ltr'>tale</span> <span class='ocrx_word' id='word_1_87' title='bbox 1345 1149 1573 1212; x_wconf 82' lang='lat' dir='ltr'>jugerum</span> 
     </span>
     <span class='ocr_line' id='line_1_14' title="bbox 186 1237 430 1279; baseline -0.004 0"><span class='ocrx_word' id='word_1_88' title='bbox 186 1237 430 1279; x_wconf 70' lang='lat' dir='ltr'>calculari.</span> 
     </span>
    </p>

    <p class='ocr_par' dir='ltr' id='par_1_4' title="bbox 183 1309 1580 1689">
     <span class='ocr_line' id='line_1_15' title="bbox 318 1309 1576 1371; baseline -0.002 -13"><span class='ocrx_word' id='word_1_89' title='bbox 318 1322 360 1358; x_wconf 82' lang='lat'>5.</span> <span class='ocrx_word' id='word_1_90' title='bbox 396 1311 625 1354; x_wconf 88' lang='lat' dir='ltr'>Pascuum</span> <span class='ocrx_word' id='word_1_91' title='bbox 653 1325 844 1371; x_wconf 81' lang='lat' dir='ltr'>quoque</span> <span class='ocrx_word' id='word_1_92' title='bbox 870 1311 1058 1353; x_wconf 81' lang='lat' dir='ltr'>oculate</span> <span class='ocrx_word' id='word_1_93' title='bbox 1102 1309 1391 1370; x_wconf 85' lang='lat' dir='ltr'>inspiciant,</span> <span class='ocrx_word' id='word_1_94' title='bbox 1453 1319 1501 1357; x_wconf 90' lang='lat' dir='ltr'>et</span> <span class='ocrx_word' id='word_1_95' title='bbox 1537 1311 1576 1357; x_wconf 91' lang='lat' dir='ltr'>si</span> 
     </span>
     <span class='ocr_line' id='line_1_16' title="bbox 183 1389 1580 1449; baseline -0.001 -12"><span class='ocrx_word' id='word_1_96' title='bbox 183 1390 309 1437; x_wconf 84' lang='lat' dir='ltr'>illud</span> <span class='ocrx_word' id='word_1_97' title='bbox 361 1389 710 1434; x_wconf 75' lang='lat' dir='ltr'>intel-tenendis</span> <span class='ocrx_word' id='word_1_98' title='bbox 749 1389 1006 1449; x_wconf 86' lang='lat' dir='ltr'>pecoribus</span> <span class='ocrx_word' id='word_1_99' title='bbox 1057 1389 1350 1434; x_wconf 90' lang='lat' dir='ltr'>rusticorum</span> <span class='ocrx_word' id='word_1_100' title='bbox 1396 1391 1580 1435; x_wconf 84' lang='lat' dir='ltr'>insuffi-</span> 
     </span>
     <span class='ocr_line' id='line_1_17' title="bbox 189 1469 1579 1530; baseline -0.001 -16"><span class='ocrx_word' id='word_1_101' title='bbox 189 1471 318 1514; x_wconf 85' lang='lat' dir='ltr'>ciens</span> <span class='ocrx_word' id='word_1_102' title='bbox 351 1486 450 1514; x_wconf 85' lang='lat' dir='ltr'>esse</span> <span class='ocrx_word' id='word_1_103' title='bbox 483 1469 869 1523; x_wconf 84' lang='lat' dir='ltr'>observaverint,</span> <span class='ocrx_word' id='word_1_104' title='bbox 922 1475 1065 1530; x_wconf 80' lang='lat' dir='ltr'>agant</span> <span class='ocrx_word' id='word_1_105' title='bbox 1105 1485 1214 1512; x_wconf 88' lang='lat' dir='ltr'>cum</span> <span class='ocrx_word' id='word_1_106' title='bbox 1246 1469 1456 1514; x_wconf 87' lang='lat' dir='ltr'>dominis</span> <span class='ocrx_word' id='word_1_107' title='bbox 1484 1479 1579 1515; x_wconf 54' lang='lat' dir='ltr'>tei-⁶</span> 
     </span>
     <span class='ocr_line' id='line_1_18' title="bbox 190 1547 1578 1610; baseline 0.001 -16"><span class='ocrx_word' id='word_1_108' title='bbox 190 1551 442 1604; x_wconf 86' lang='lat' dir='ltr'>restribus,</span> <span class='ocrx_word' id='word_1_109' title='bbox 480 1564 747 1609; x_wconf 85' lang='lat' dir='ltr'>eorumque</span> <span class='ocrx_word' id='word_1_110' title='bbox 776 1547 1090 1604; x_wconf 81' lang='lat' dir='ltr'>officialibus,</span> <span class='ocrx_word' id='word_1_111' title='bbox 1127 1566 1218 1610; x_wconf 82' lang='lat' dir='ltr'>qua</span> <span class='ocrx_word' id='word_1_112' title='bbox 1245 1548 1430 1594; x_wconf 87' lang='lat' dir='ltr'>ratione</span> <span class='ocrx_word' id='word_1_113' title='bbox 1461 1550 1578 1596; x_wconf 84' lang='lat' dir='ltr'>huic</span> 
     </span>
     <span class='ocr_line' id='line_1_19' title="bbox 190 1627 1026 1689; baseline -0.002 -15"><span class='ocrx_word' id='word_1_114' title='bbox 190 1627 563 1674; x_wconf 82' lang='lat' dir='ltr'>insufficientiae</span> <span class='ocrx_word' id='word_1_115' title='bbox 587 1628 836 1672; x_wconf 85' lang='lat' dir='ltr'>subveniri</span> <span class='ocrx_word' id='word_1_116' title='bbox 863 1628 1026 1689; x_wconf 79' lang='lat' dir='ltr'>possit.</span> 
     </span>
    </p>

    <p class='ocr_par' dir='ltr' id='par_1_5' title="bbox 193 1707 1582 2088">
     <span class='ocr_line' id='line_1_20' title="bbox 323 1707 1578 1770; baseline -0.001 -17"><span class='ocrx_word' id='word_1_117' title='bbox 323 1712 368 1755; x_wconf 84' lang='lat'>6.</span> <span class='ocrx_word' id='word_1_118' title='bbox 406 1708 562 1768; x_wconf 79' lang='lat' dir='ltr'>Sylvas</span> <span class='ocrx_word' id='word_1_119' title='bbox 622 1707 771 1751; x_wconf 84' lang='lat' dir='ltr'>etiam</span> <span class='ocrx_word' id='word_1_120' title='bbox 830 1708 1056 1762; x_wconf 88' lang='lat' dir='ltr'>oculent,</span> <span class='ocrx_word' id='word_1_121' title='bbox 1117 1715 1164 1752; x_wconf 89' lang='lat' dir='ltr'>et</span> <span class='ocrx_word' id='word_1_122' title='bbox 1212 1716 1578 1770; x_wconf 81' lang='lat' dir='ltr'>recognoscant,</span> 
     </span>
     <span class='ocr_line' id='line_1_21' title="bbox 193 1786 1577 1848; baseline -0.001 -15"><span class='ocrx_word' id='word_1_123' title='bbox 193 1803 312 1833; x_wconf 88' lang='lat' dir='ltr'>num</span> <span class='ocrx_word' id='word_1_124' title='bbox 336 1786 657 1831; x_wconf 87' lang='lat' dir='ltr'>communitas</span> <span class='ocrx_word' id='word_1_125' title='bbox 684 1794 766 1830; x_wconf 89' lang='lat' dir='ltr'>aut</span> <span class='ocrx_word' id='word_1_126' title='bbox 793 1786 959 1832; x_wconf 87' lang='lat' dir='ltr'>rustici</span> <span class='ocrx_word' id='word_1_127' title='bbox 988 1787 1166 1832; x_wconf 83' lang='lat' dir='ltr'>excisas</span> <span class='ocrx_word' id='word_1_128' title='bbox 1188 1804 1275 1848; x_wconf 91' lang='lat' dir='ltr'>per</span> <span class='ocrx_word' id='word_1_129' title='bbox 1300 1787 1577 1832; x_wconf 89' lang='lat' dir='ltr'>dominium</span> 
     </span>
     <span class='ocr_line' id='line_1_22' title="bbox 194 1867 1579 1928; baseline -0.001 -16"><span class='ocrx_word' id='word_1_130' title='bbox 194 1869 429 1923; x_wconf 86' lang='lat' dir='ltr'>habeant,</span> <span class='ocrx_word' id='word_1_131' title='bbox 482 1868 557 1911; x_wconf 86' lang='lat' dir='ltr'>vel</span> <span class='ocrx_word' id='word_1_132' title='bbox 594 1884 711 1911; x_wconf 88' lang='lat' dir='ltr'>vero</span> <span class='ocrx_word' id='word_1_133' title='bbox 748 1867 797 1912; x_wconf 92' lang='lat' dir='ltr'>in</span> <span class='ocrx_word' id='word_1_134' title='bbox 833 1867 994 1910; x_wconf 87' lang='lat' dir='ltr'>locum</span> <span class='ocrx_word' id='word_1_135' title='bbox 1028 1868 1268 1928; x_wconf 83' lang='lat' dir='ltr'>sylvarum</span> <span class='ocrx_word' id='word_1_136' title='bbox 1305 1867 1579 1912; x_wconf 83' lang='lat' dir='ltr'>necessaria</span> 
     </span>
     <span class='ocr_line' id='line_1_23' title="bbox 194 1945 1582 2009; baseline 0.001 -18"><span class='ocrx_word' id='word_1_137' title='bbox 194 1948 392 2003; x_wconf 69' lang='lat' dir='ltr'>focalia,</span> <span class='ocrx_word' id='word_1_138' title='bbox 454 1955 500 1991; x_wconf 86' lang='lat' dir='ltr'>et</span> <span class='ocrx_word' id='word_1_139' title='bbox 527 1947 703 1991; x_wconf 86' lang='lat' dir='ltr'>aedilia</span> <span class='ocrx_word' id='word_1_140' title='bbox 731 1946 862 2008; x_wconf 78' lang='lat' dir='ltr'>ligna</span> <span class='ocrx_word' id='word_1_141' title='bbox 891 1945 1206 1990; x_wconf 87' lang='lat' dir='ltr'>conformiter</span> <span class='ocrx_word' id='word_1_142' title='bbox 1239 1953 1417 2007; x_wconf 90' lang='lat' dir='ltr'>puncto</span> <span class='ocrx_word' id='word_1_143' title='bbox 1441 1963 1582 2009; x_wconf 83' lang='lat' dir='ltr'>regu·</span> 
     </span>
     <span class='ocr_line' id='line_1_24' title="bbox 195 2025 1272 2088; baseline 0.001 -17"><span class='ocrx_word' id='word_1_144' title='bbox 195 2027 388 2071; x_wconf 88' lang='lat' dir='ltr'>lationis</span> <span class='ocrx_word' id='word_1_145' title='bbox 414 2039 458 2074; x_wconf 75' lang='lat'>2.</span> <span class='ocrx_word' id='word_1_146' title='bbox 479 2043 567 2088; x_wconf 86' lang='lat' dir='ltr'>per</span> <span class='ocrx_word' id='word_1_147' title='bbox 590 2027 862 2071; x_wconf 87' lang='lat' dir='ltr'>dominium</span> <span class='ocrx_word' id='word_1_148' title='bbox 888 2025 1272 2088; x_wconf 77' lang='lat' dir='ltr'>suppeditentur.</span> 
     </span>
    </p>

    <p class='ocr_par' dir='ltr' id='par_1_6' title="bbox 196 2105 1582 2730">
     <span class='ocr_line' id='line_1_25' title="bbox 329 2105 1581 2167; baseline -0.002 -13"><span class='ocrx_word' id='word_1_149' title='bbox 329 2120 370 2154; x_wconf 76' lang='lat'>7.</span> <span class='ocrx_word' id='word_1_150' title='bbox 408 2108 455 2153; x_wconf 84' lang='lat' dir='ltr'>Si</span> <span class='ocrx_word' id='word_1_151' title='bbox 485 2106 837 2160; x_wconf 86' lang='lat' dir='ltr'>communitas,</span> <span class='ocrx_word' id='word_1_152' title='bbox 890 2113 971 2151; x_wconf 86' lang='lat' dir='ltr'>aut</span> <span class='ocrx_word' id='word_1_153' title='bbox 997 2105 1163 2151; x_wconf 86' lang='lat' dir='ltr'>rustici</span> <span class='ocrx_word' id='word_1_154' title='bbox 1199 2107 1348 2167; x_wconf 84' lang='lat' dir='ltr'>sylvas</span> <span class='ocrx_word' id='word_1_155' title='bbox 1371 2107 1581 2152; x_wconf 84' lang='lat' dir='ltr'>habeant</span> 
     </span>
     <span class='ocr_line' id='line_1_26' title="bbox 198 2185 1576 2248; baseline -0.001 -16"><span class='ocrx_word' id='word_1_156' title='bbox 198 2187 401 2242; x_wconf 79' lang='lat' dir='ltr'>excisas,</span> <span class='ocrx_word' id='word_1_157' title='bbox 446 2187 733 2248; x_wconf 86' lang='lat' dir='ltr'>easdemque</span> <span class='ocrx_word' id='word_1_158' title='bbox 772 2203 944 2231; x_wconf 89' lang='lat' dir='ltr'>eorum</span> <span class='ocrx_word' id='word_1_159' title='bbox 983 2185 1273 2231; x_wconf 87' lang='lat' dir='ltr'>domesticae</span> <span class='ocrx_word' id='word_1_160' title='bbox 1303 2186 1576 2247; x_wconf 84' lang='lat' dir='ltr'>exigentiae</span> 
     </span>
     <span class='ocr_line' id='line_1_27' title="bbox 196 2267 1581 2330; baseline 0.001 -19"><span class='ocrx_word' id='word_1_161' title='bbox 196 2268 328 2330; x_wconf 83' lang='lat' dir='ltr'>juxta</span> <span class='ocrx_word' id='word_1_162' title='bbox 360 2268 549 2329; x_wconf 80' lang='lat' dir='ltr'>regulas</span> <span class='ocrx_word' id='word_1_163' title='bbox 586 2267 637 2311; x_wconf 89' lang='lat' dir='ltr'>in</span> <span class='ocrx_word' id='word_1_164' title='bbox 678 2267 902 2312; x_wconf 85' lang='lat' dir='ltr'>caesione</span> <span class='ocrx_word' id='word_1_165' title='bbox 956 2267 1202 2329; x_wconf 80' lang='lat' dir='ltr'>lignorum</span> <span class='ocrx_word' id='word_1_166' title='bbox 1252 2268 1581 2312; x_wconf 87' lang='lat' dir='ltr'>communiter</span> 
     </span>
     <span class='ocr_line' id='line_1_28' title="bbox 200 2347 1581 2403; baseline 0.002 -13"><span class='ocrx_word' id='word_1_167' title='bbox 200 2348 520 2391; x_wconf 86' lang='lat' dir='ltr'>observandas</span> <span class='ocrx_word' id='word_1_168' title='bbox 547 2347 753 2393; x_wconf 89' lang='lat' dir='ltr'>omnino</span> <span class='ocrx_word' id='word_1_169' title='bbox 780 2348 1059 2392; x_wconf 77' lang='lat' dir='ltr'>suffecturas</span> <span class='ocrx_word' id='word_1_170' title='bbox 1096 2347 1420 2403; x_wconf 85' lang='lat' dir='ltr'>adverterint,</span> <span class='ocrx_word' id='word_1_171' title='bbox 1466 2355 1581 2393; x_wconf 89' lang='lat' dir='ltr'>tunc</span> 
     </span>
     <span class='ocr_line' id='line_1_29' title="bbox 199 2427 1582 2490; baseline 0.003 -21"><span class='ocrx_word' id='word_1_172' title='bbox 199 2427 390 2471; x_wconf 86' lang='lat' dir='ltr'>rusticis</span> <span class='ocrx_word' id='word_1_173' title='bbox 417 2427 549 2488; x_wconf 88' lang='lat' dir='ltr'>optio</span> <span class='ocrx_word' id='word_1_174' title='bbox 578 2427 903 2489; x_wconf 83' lang='lat' dir='ltr'>relinquatur,</span> <span class='ocrx_word' id='word_1_175' title='bbox 951 2445 1067 2472; x_wconf 88' lang='lat' dir='ltr'>num</span> <span class='ocrx_word' id='word_1_176' title='bbox 1107 2428 1297 2473; x_wconf 86' lang='lat' dir='ltr'>easdem</span> <span class='ocrx_word' id='word_1_177' title='bbox 1333 2429 1479 2490; x_wconf 85' lang='lat' dir='ltr'>sylvas</span> <span class='ocrx_word' id='word_1_178' title='bbox 1506 2445 1582 2473; x_wconf 89' lang='lat' dir='ltr'>ex-</span> 
     </span>
     <span class='ocr_line' id='line_1_30' title="bbox 200 2507 1579 2569; baseline 0.002 -20"><span class='ocrx_word' id='word_1_179' title='bbox 200 2507 315 2551; x_wconf 84' lang='lat' dir='ltr'>cisas</span> <span class='ocrx_word' id='word_1_180' title='bbox 345 2508 433 2553; x_wconf 84' lang='lat' dir='ltr'>sibi</span> <span class='ocrx_word' id='word_1_181' title='bbox 459 2510 678 2553; x_wconf 90' lang='lat' dir='ltr'>ultronee</span> <span class='ocrx_word' id='word_1_182' title='bbox 715 2523 1002 2564; x_wconf 73' lang='lat' dir='ltr'>reservare,</span> <span class='ocrx_word' id='word_1_183' title='bbox 1050 2525 1139 2569; x_wconf 90' lang='lat' dir='ltr'>per</span> <span class='ocrx_word' id='word_1_184' title='bbox 1169 2509 1217 2552; x_wconf 93' lang='lat' dir='ltr'>id</span> <span class='ocrx_word' id='word_1_185' title='bbox 1254 2516 1416 2553; x_wconf 88' lang='lat' dir='ltr'>autem</span> <span class='ocrx_word' id='word_1_186' title='bbox 1445 2509 1579 2554; x_wconf 86' lang='lat' dir='ltr'>omni</span> 
     </span>
     <span class='ocr_line' id='line_1_31' title="bbox 199 2587 1577 2650; baseline 0.002 -21"><span class='ocrx_word' id='word_1_187' title='bbox 199 2587 250 2631; x_wconf 80' lang='lat' dir='ltr'>in</span> <span class='ocrx_word' id='word_1_188' title='bbox 277 2587 380 2630; x_wconf 88' lang='lat' dir='ltr'>aliis</span> <span class='ocrx_word' id='word_1_189' title='bbox 409 2588 544 2648; x_wconf 72' lang='lat' dir='ltr'>sylvis</span> <span class='ocrx_word' id='word_1_190' title='bbox 578 2587 905 2633; x_wconf 77' lang='lat' dir='ltr'>dominatibus</span> <span class='ocrx_word' id='word_1_191' title='bbox 942 2588 1212 2632; x_wconf 88' lang='lat' dir='ltr'>exercendo</span> <span class='ocrx_word' id='word_1_192' title='bbox 1256 2589 1577 2650; x_wconf 84' lang='lat' dir='ltr'>qualicunque</span> 
     </span>
     <span class='ocr_line' id='line_1_32' title="bbox 201 2666 1579 2730; baseline 0.004 -22"><span class='ocrx_word' id='word_1_193' title='bbox 201 2666 437 2725; x_wconf 73' lang='lat' dir='ltr'>gratuitae</span> <span class='ocrx_word' id='word_1_194' title='bbox 464 2668 752 2728; x_wconf 74' lang='lat' dir='ltr'>lignationis,</span> <span class='ocrx_word' id='word_1_195' title='bbox 781 2685 832 2713; x_wconf 91' lang='lat' dir='ltr'>ac</span> <span class='ocrx_word' id='word_1_196' title='bbox 854 2685 940 2730; x_wconf 86' lang='lat' dir='ltr'>per</span> <span class='ocrx_word' id='word_1_197' title='bbox 958 2669 1263 2712; x_wconf 84' lang='lat' dir='ltr'>limitandam</span> <span class='ocrx_word' id='word_1_198' title='bbox 1290 2668 1579 2714; x_wconf 86' lang='lat' dir='ltr'>inferiorem</span> 
     </span>
    </p>
   </div>
   <div class='ocr_carea' id='block_1_3' title="bbox 203 2747 1579 2813">
    <p class='ocr_par' dir='ltr' id='par_1_7' title="bbox 203 2747 1579 2813">
     <span class='ocr_line' id='line_1_33' title="bbox 203 2747 1579 2813; baseline 0.001 -20"><span class='ocrx_word' id='word_1_199' title='bbox 203 2755 357 2794; x_wconf 70' lang='lat' dir='ltr'>taxari]</span> <span class='ocrx_word' id='word_1_200' title='bbox 387 2747 748 2810; x_wconf 79' lang='lat' dir='ltr'>participandae</span> <span class='ocrx_word' id='word_1_201' title='bbox 788 2750 1164 2813; x_wconf 84' lang='lat' dir='ltr'>glandinationis</span> <span class='ocrx_word' id='word_1_202' title='bbox 1196 2749 1302 2797; x_wconf 88' lang='lat' dir='ltr'>usui</span> <span class='ocrx_word' id='word_1_203' title='bbox 1329 2750 1579 2796; x_wconf 86' lang='lat' dir='ltr'>renuncia-</span> 
     </span>
    </p>
   </div>
  </div>
 </body>
</html>
