1669 3189
728 219 797 232 ..u
855 201 940 244 4¹2
1000 217 1068 231 m..

184 309 413 373 exiguum
436 340 450 364 9
486 321 534 360 et
567 329 655 357 nec
686 311 738 355 in
766 309 900 363 loco,
960 317 1050 348 nec
1087 302 1139 347 in
1181 302 1357 349 vicinia
1391 317 1476 348 seu
1510 300 1581 361 ju-

180 394 272 455 gali
303 411 383 438 seu
423 389 658 437 manuali.

317 485 358 519 ἵ.
392 471 553 515 Molae
593 467 645 512 in
668 467 805 522 loco,
856 471 937 510 aut
959 463 1013 507 in
1046 460 1228 507 vicinia
1262 461 1444 516 nullae,
1499 462 1577 505 ad-

187 568 342 613 eoque
382 566 407 593 a
438 546 735 611 longinguo,
780 551 1011 591 notanter
1051 540 1370 587 incommodo
1399 539 1577 585 itinere

182 630 443 694 petendae.

308 711 367 754 Et
406 709 443 754 si
469 707 783 769 reperientur
823 707 874 751 in
914 706 1006 750 hoc
1035 706 1111 750 vel
1143 704 1228 748 illo
1262 703 1367 748 loco
1395 703 1580 748 malefi-

182 792 257 834 cia
290 789 440 833 etiam
467 789 563 835 alia
587 788 767 834 incolas
793 786 1095 850 prementia,
1133 786 1250 831 haec
1275 798 1468 846 quoque
1504 799 1579 828 ex-

181 876 446 931 ponantur,

308 952 450 995 Instr.
473 965 608 1012 exeq.
639 964 764 1010 mag.
796 963 897 1009 cap.
930 948 964 992 1.
995 945 1034 1006 §
1067 958 1110 995 5.
1133 947 1196 991 ad
1224 952 1267 994 4.

311 1031 358 1075 Si
380 1030 621 1076 subditela
640 1047 664 1072 a
687 1026 953 1083 beneficiis,
989 1042 1111 1088 quae
1149 1026 1313 1070 eidem
1345 1026 1468 1070 ultra
1495 1023 1578 1069 do-

180 1111 417 1156 tationem
439 1110 742 1155 urbarialem
776 1123 1000 1152 concessa
1033 1113 1155 1161 sunt,
1187 1121 1381 1151 censum
1412 1122 1576 1166 quem-

174 1191 310 1253 piam
347 1192 522 1244 solvat,
570 1190 622 1232 id
655 1189 816 1248 ipsum
858 1186 910 1231 in
944 1187 1033 1230 hac
1073 1183 1407 1247 consi-iptione
1433 1186 1610 1242 hene--

175 1270 405 1314 ficiorum
447 1266 659 1330 exprimi
706 1265 883 1325 dehet3
933 1265 970 1310 si
999 1271 1163 1310 autem
1202 1281 1289 1321 ea,
1338 1281 1365 1310 a
1404 1265 1577 1328 quibus

174 1348 492 1395 obventiones
538 1365 628 1410 per
673 1347 888 1392 subditos
931 1345 1152 1392 dominio
1190 1346 1463 1391 tem-estrali
1499 1346 1579 1392 ob-

172 1429 424 1492 tingerent
463 1427 809 1491 praestandae,
867 1428 928 1472 ad
973 1428 1170 1473 classem
1205 1425 1389 1481 talem,
1453 1443 1575 1487 quae

175 1510 290 1555 huic
333 1508 694 1554 maleficiorum
729 1508 1165 1570 corresponderet,
1232 1506 1461 1551 collocari
1497 1507 1577 1551 de-

174 1590 379 1645 berent,
440 1595 555 1633 tunc
596 1605 688 1651 pro
736 1588 928 1634 ratione
974 1587 1086 1646 justi
1130 1586 1315 1633 idmodi
1360 1593 1575 1649 praesta-

174 1669 332 1714 tiones
368 1678 567 1714 cessant.

750 1811 874 1847 ΛΒΤ.
923 1809 997 1846 IV.

174 1892 255 1934 De
274 1893 686 1950 conscriptione,
706 1907 771 1935 ac
787 1882 1071 1951 classzfica
1082 1890 1226 1934 tione
1243 1890 1500 1949 locorum,
1520 1901 1570 1939 et

243 1959 747 2012 constitutivarum,
795 1972 888 2000 sea
926 1957 1342 2001 disinteressata
1368 1959 1505 2005 clas.

588 2024 724 2067 siam
754 2023 1149 2066 elaboratione.

298 2128 645 2186 Examinibus,
707 2136 755 2173 et
789 2127 1082 2176 sassionibus
1119 2130 1178 2175 ad
1209 2146 1385 2176 novem
1419 2133 1567 2178 inter-

164 2207 409 2270 rogatoria
425 2217 622 2269 puncta,
669 2209 1204 2273 conscriptionibusque
1225 2217 1425 2257 eatenus
1464 2214 1566 2275 ple·

168 2303 229 2331 ne
251 2289 457 2349 peractis
483 2314 549 2324 --
580 2291 803 2337 classium
837 2291 1104 2338 elaboratio
1135 2292 1371 2337 adornari
1396 2293 1559 2340 debet.

300 2371 709 2433 Quandoquidem
761 2371 1055 2441 constitutivi
1103 2372 1402 2418 classificatio
1461 2389 1564 2421 non

171 2450 328 2495 solum
366 2470 392 2496 a
418 2452 677 2515 qualitate,
741 2469 792 2498 ac
828 2452 1077 2498 fertilitate
1132 2454 1344 2510 terreni,
1410 2456 1496 2502 sed
1534 2472 1563 2502 a

168 2530 369 2592 reliquis
404 2533 554 2578 etiam
589 2534 991 2593 circumstantiis,
1035 2536 1381 2582 commoditate
1417 2535 1562 2580 nimi-

169 2625 283 2653 rum
312 2614 572 2672 vendendi,
620 2622 862 2678 quaestus,
893 2633 944 2661 ac
973 2617 1275 2675 commercii,
1300 2616 1562 2662 similibus-

169 2706 262 2750 que
290 2692 565 2752 beneficiis,
601 2696 772 2758 quibus
799 2696 1015 2742 subditus
1052 2698 1260 2756 fruitur,
1310 2695 1558 2742 metienda

168 2769 228 2814 sit
243 2802 259 2827 ,
308 2772 426 2818 istae
465 2791 580 2821 vero
628 2778 1015 2827 circumstantiae
1059 2776 1192 2839 juxta
1219 2778 1555 2842 praecriptum
