1669 3189
577 154 919 212 ..w-5290...

59 272 137 311 tra
186 261 510 307 urbarialium
557 262 820 308 efficaciter
871 262 1115 319 obvietur,
1161 262 1213 307 in
1254 262 1448 322 majori-

59 346 148 389 bus
184 342 310 387 bene
345 342 572 405 regulatis
609 343 869 399 dominiis,
907 358 1029 405 quae
1059 342 1260 386 salutem
1289 343 1449 387 subdi«

62 431 227 468 torum
266 439 466 467 suorum
508 439 644 469 suam
691 440 794 467 esse
842 430 1065 478 censent,
1116 421 1318 484 provide
1351 420 1451 482 jam

58 503 287 564 pridem,
334 503 467 547 dicae
513 511 594 553 aut
635 503 824 564 sigilla,
869 504 943 547 vel
975 519 1089 548 vero
1126 502 1359 546 schaedae
1383 516 1456 544 roe

59 584 260 628 hottales
285 599 377 643 pro
415 582 603 628 ratione
637 583 926 627 extensionis
988 582 1197 627 dominii
1240 589 1351 627 vsunt
1385 579 1457 627 in«

61 664 347 721 troductae,
388 679 440 706 ac
465 679 563 708 una
586 663 796 706 tabellae
833 662 1173 706 distantiarum
1220 663 1371 705 relate
1398 660 1459 705 ad

59 742 185 787 itum
227 751 274 787 et
303 744 517 787 reditum
555 743 792 785 duntaxat
821 757 912 803 pro
946 742 1256 803 perficiendis
1286 740 1462 784 labori«

59 823 149 867 bus
194 821 516 868 dominalibus
550 820 973 882 impendendum,
1011 822 1101 866 sub
1140 819 1460 881 inspectione,

62 911 108 949 et
133 901 448 959 ratificatione
484 902 740 947 comitatus
783 902 1093 958 elaboratae,
1153 908 1200 945 et
1247 900 1465 945 extrada-

61 989 172 1040 tae3
209 980 259 1025 in
286 981 519 1026 banaticis
553 980 856 1025 comitatibus
892 989 1055 1025 autem
1094 980 1297 1025 tabellae
1325 993 1464 1039 prae-

63 1063 325 1107 stationum
363 1062 681 1109 robottalium
711 1062 989 1124 generatim
1018 1063 1069 1104 in
1100 1078 1189 1105 usu
1216 1067 1344 1105 sunt.

194 1159 236 1191 2.
274 1144 379 1205 Quo
398 1142 670 1187 arbitrariis
696 1142 960 1187 fundorum
988 1140 1322 1186 sessionalium
1355 1154 1465 1183 con-

67 1222 363 1270 vulsionihus
409 1238 519 1266 cum
553 1223 726 1267 effectu
757 1221 1093 1284 impediendis
1133 1235 1300 1281 scopus
1337 1219 1464 1265 altis..

68 1304 219 1349 simae
258 1302 541 1347 intentionis
567 1303 732 1364 regiae
771 1301 976 1347 realiter
1017 1300 1318 1353 obtineamr,
1355 1313 1467 1359 pro-

63 1383 247 1429 visione
274 1382 363 1425 hac
396 1382 542 1424 etiam
571 1383 629 1424 ad
665 1382 839 1426 fundos
890 1380 1241 1442 extirpatitios,
1291 1384 1337 1421 et
1385 1375 1467 1437 qui

65 1463 247 1510 rustica
267 1464 493 1508 coluntur
532 1479 713 1518 manu,
763 1470 989 1518 extensa,
1037 1462 1300 1506 salutarem
1343 1459 1467 1501 hane

19 1539 32 1542 “
62 1546 114 1590 in
142 1543 365 1606 plurimis
405 1542 718 1587 comitatibus
755 1541 924 1604 vigere
971 1540 1362 1602 dispositionem,
1415 1535 1467 1581 in

66 1622 314 1669 altissimis
348 1622 741 1668 ordinationibus
775 1621 924 1685 regiis
958 1620 1256 1673 radicatam,
1303 1632 1363 1659 ne
1403 1614 1469 1659 osa

66 1703 301 1747 ficiolatus
339 1701 675 1746 dominiorum
718 1703 866 1746 relate
903 1702 962 1745 ad
979 1699 1345 1744 constitutivum
1378 1713 1467 1741 ses-

66 1782 274 1836 sionale,
324 1788 371 1823 et
407 1788 586 1826 ceteras
632 1781 903 1825 fundorum
938 1780 1125 1841 species
1158 1780 1307 1823 ullam
1346 1793 1456 1837 pro-

67 1861 180 1924 prio
206 1867 342 1905 motu
372 1867 419 1904 et
450 1859 527 1903 via
549 1859 686 1915 facti,
725 1862 904 1921 absque
950 1858 1199 1903 articulari
1246 1855 1466 1901 testimo-

67 1928 192 1997 nio,
246 1947 294 1984 et
340 1939 618 1984 interventu
649 1938 753 1983 fisci
796 1936 1173 2002 magistratualis
1225 1935 1466 1997 suscipere

70 2021 280 2067 audeant
317 2019 658 2064 alterationem
678 2051 692 2075 ,
727 2026 773 2063 et
801 2018 852 2063 in
883 2034 1042 2062 casum
1076 2031 1170 2079 quo
1209 2014 1261 2058 id
1287 2014 1467 2059 contin-

69 2108 240 2165 geret,
277 2117 393 2163 erga
425 2116 680 2144 recursum
714 2098 859 2155 laesi,
903 2099 1140 2143 meritum
1181 2093 1467 2139 mutationis

66 2181 336 2226 fundorum
388 2180 440 2224 in
481 2179 676 2224 instanti
725 2195 817 2241 per
851 2177 1239 2241 magistratuales
1277 2191 1302 2218 e
1340 2190 1470 2217 com-

72 2261 303 2305 missione
337 2259 713 2322 superioritatis,
739 2259 860 2305 citra
895 2261 1050 2303 ullum
1089 2263 1368 2318 respectum
1411 2255 1472 2299 ad

77 2347 256 2387 statum
281 2341 761 2385 antemutationalem
789 2340 1081 2394 reducatur,
1128 2338 1473 2399 objectumque

77 2419 271 2466 idmodi
313 2430 480 2484 expost
517 2422 768 2484 primum,
816 2422 934 2464 dum
967 2419 1067 2481 jam
1098 2419 1150 2462 in
1183 2425 1310 2463 statu
1346 2425 1475 2462 ante-

80 2501 431 2565 querimoniali
458 2510 543 2560 est,
564 2503 623 2547 ad
649 2502 839 2547 solitam
860 2499 1124 2545 officiosam
1141 2496 1475 2560 pertractatio-

79 2599 226 2640 nem,
262 2583 302 2628 si
328 2582 607 2628 dominium
637 2582 760 2627 sacto
797 2598 884 2627 suo
909 2581 1180 2637 inhaereat,
1216 2579 1476 2639 relegetur.

211 2665 265 2708 ln
343 2663 580 2708 comitatu
636 2653 824 2707 Mosen.
874 2660 924 2705 in
978 2660 1162 2722 oppido
1233 2655 1478 2702 Laithasa-

81 2744 132 2789 lu
167 2742 294 2802 (³9⁰ss
345 2741 571 2812 mensuret
610 2739 816 2789 ῦῖῐὶαιῒίεὸ
859 2736 1118 2799 Θρηιείηὒε)
1145 2744 1255 2786 sunt
1286 2745 1382 2782 tres
1407 2736 1477 2780 in-

1073 2820 1146 2864 Ll
