1669 3189
657 152 1003 199 ww...-

153 265 324 310 Porro
353 263 637 306 extractus
659 252 956 312 protocolli
986 254 1283 301 robottalis
1300 271 1369 300 ex
1387 262 1547 316 parte

217 328 430 390 oppidi,
469 322 555 368 vel
581 321 932 377 possessionis
959 321 1025 363 N.
1072 319 1132 362 de
1159 336 1303 367 anno
1339 331 1480 372 1815.

448 388 612 431 lzabet
634 391 916 445 sequentes
944 385 1212 430 rubricas.

293 496 333 530 1.
368 479 582 526 Nomina
611 485 658 523 et
684 477 978 540 cognomina
1006 479 1323 535 colonorum,
1359 478 1558 541 inquili-

162 578 337 611 norum
371 558 820 614 domiciliatorum‚
881 566 928 603 et
965 557 1429 621 subinquilinorum.
1512 571 1558 608 2.

129 647 133 650 “
158 640 390 691 Sessionis
418 637 647 703 qualitas,
692 654 754 683 an
781 638 1000 701 integrae
1020 673 1033 696 ‚
1068 640 1145 684 vel
1171 640 1379 696 mediae,
1422 655 1563 702 quar-

157 731 263 778 tae,
298 720 375 766 vel
396 726 589 766 octavae
617 720 691 765 sit.
764 731 806 768 5.
847 719 1095 764 Restantia
1122 719 1434 766 robottarum
1463 735 1563 764 ma·
1629 730 1642 735 ’

156 800 381 849 nualium
415 799 528 845 anni
567 805 704 849 1814.
801 805 844 847 4.
883 800 1219 861 Competentia
1254 801 1564 846 robottarum

159 880 466 929 manualium
491 880 603 925 anni
635 889 777 927 1815.
864 891 907 926 5.
944 880 1145 926 Summa
1189 881 1337 926 totius
1372 893 1566 942 compe-

162 963 362 1011 tentiae.
475 964 518 1009 6.
555 958 799 1005 Praestitit
835 958 888 1006 in
925 975 1118 1004 summa
1160 960 1262 1006 dies
1299 960 1569 1006 manuales-

168 1055 209 1092 7.
245 1043 393 1106 Plus..
437 1050 480 1091 8.
548 1039 736 1088 Minus.

294 1124 349 1167 In
379 1120 596 1175 casibus,
632 1119 716 1164 uhi
742 1117 952 1181 lignatio
976 1116 1189 1180 gratuita
1224 1117 1436 1173 obtinet,
1492 1134 1570 1165 ex.

164 1202 287 1266 poni
333 1200 514 1245 debent
555 1198 659 1242 dies
691 1199 941 1245 manuales
978 1197 1127 1241 etiam
1168 1213 1260 1258 pro
1299 1197 1493 1244 fissione
1514 1197 1570 1244 li·-

167 1295 379 1345 gnorum
412 1278 767 1337 obvenientes,·‘-
799 1280 851 1326 in
875 1285 1094 1341 separata
1114 1276 1325 1324 rubrica.

165 1407 472 1453 Extractus
512 1386 761 1450 robottae
803 1403 1206 1447 contr-actualis
1248 1401 1436 1461 oppidi
1481 1401 1575 1446 vel

399 1471 753 1531 possessionis
786 1471 852 1514 N.
876 1485 975 1528 pro
1008 1483 1155 1517 anno
1185 1475 1324 1514 1815.

302 1589 341 1624 1.
405 1576 664 1621 Nomina
735 1582 796 1620 et
873 1573 1255 1636 cognomina
1322 1589 1345 1617 c
1366 1574 1505 1618 olon
1524 1590 1570 1618 o.

167 1671 336 1712 rum,
404 1654 902 1717 inquilinorum
972 1652 1389 1698 domiciliato
1411 1670 1569 1710 rum,

174 1741 224 1779 et
257 1735 423 1780 subin
443 1735 729 1796 quilinor
749 1750 863 1778 um.

302 1816 398 1861 NB.
437 1822 682 1878 ponantur
728 1821 892 1858 autem
936 1811 1101 1873 primo
1145 1809 1308 1859 coloni
1344 1813 1569 1877 integrae

173 1896 393 1942 sessionis
407 1929 420 1953 ,
458 1894 635 1941 deinde
667 1893 860 1938 mediae
876 1926 889 1949 ‚
927 1899 1016 1937 ete.

299 1989 344 2025 2.
380 1978 581 2023 Summa
608 1975 756 2019 totius
783 1974 1108 2035 competentis—.-
1143 1974 1257 2020 anni
1302 1983 1439 2041 1815.
1523 1984 1567 2022 3.

171 2057 416 2102 Praestitit
453 2057 504 2103 in
553 2053 745 2102 summa
787 2054 888 2099 dies
925 2056 1174 2101 manuales
1215 2056 1274 2101 Τ.
1361 2060 1404 2102 4.
1439 2053 1573 2104 Plus.

173 2149 215 2186 5.
248 2138 432 2186 Minus.
515 2142 559 2187 ὁ.
597 2135 866 2199 Obtingens
896 2135 947 2181 in
996 2143 1165 2198 parata
1181 2164 1197 2192 5
1249 2135 1426 2181 floreni
1471 2141 1560 2181 tot.

174 2218 251 2262 xri
278 2224 366 2264 tot.

179 2351 501 2395 connotatio
543 2350 792 2396 laborum
821 2364 919 2409 per
955 2348 1255 2409 inquilinos
1283 2348 1566 2408 possessio-

222 2418 307 2460 nis
331 2418 418 2461 vel
444 2417 630 2475 oppidi
657 2416 722 2459 Ν.
752 2433 851 2475 pro
877 2421 1080 2475 parata
1113 2416 1507 2473 praestitorum

316 2499 460 2527 anno
493 2492 630 2532 1815.
654 2484 818 2528 habet
846 2488 1125 2542 sequentes
1149 2483 1417 2527 rubricas.

313 2598 352 2632 1.
388 2590 597 2636 Nomina
626 2589 987 2653 inquilinorum
1017 2597 1063 2634 et
1087 2588 1374 2652 cognomina
1399 2605 1434 2632 a
1451 2586 1564 2644 viri,

180 2669 211 2711 b
237 2664 477 2724 feminae,
527 2686 551 2712 c
585 2670 747 2731 pueri.
826 2682 871 2719 2.
906 2672 1109 2716 Fossura
1138 2671 1173 2714 Ι.
1208 2668 1567 2731 praestiterunt

183 2747 283 2794 dies
306 2750 553 2794 manuales
576 2758 662 2797 tot.
736 2764 776 2802 5.
813 2754 1018 2798 Fossura
1038 2752 1094 2798 ΙΙ.
1125 2777 1181 2784 —-
1210 2768 1320 2796 a-——-
1338 2751 1566 2795 b-c—
