1669 3189
670 208 1010 259 maffia-w

160 325 281 368 lium
324 320 530 368 ineundi.
578 317 770 380 pariter
809 331 978 362 coram
1023 324 1254 363 consueto
1292 316 1552 365 comitatu&

160 404 438 450 testimonio
454 402 582 454 flant,
613 397 724 443 ideo
749 413 808 443 ex
829 405 968 460 parte
1002 398 1325 444 comitatuum
1358 399 1549 445 idcirco

158 503 249 549 per
277 481 556 531 comis-arios
594 478 756 542 regios
787 478 951 523 debite
981 478 1358 536 inviandorum,
1409 481 1548 526 etin.

158 565 500 612 struendorum
565 559 849 606 omnimode
911 559 1227 623 invigiletur,
1309 577 1372 605 ne
1436 561 1550 619 alia,

161 660 304 709 quam
340 642 699 705 praescriptum
725 647 826 698 est,
862 641 1143 687 modalitate
1175 634 1416 704 ejusmodi
1441 658 1551 687 con-

159 726 407 773 ventiones
440 725 572 769 inter
607 723 862 769 dominum
892 729 1182 767 terrestrem
1215 730 1264 767 et
1296 721 1550 775 subditum

158 809 303 862 fiant,
350 821 469 850 neve
500 805 612 850 illae
644 805 826 860 etiam,
872 818 995 866 quae
1022 803 1227 864 praevia
1263 801 1452 865 ratione
1477 818 1554 846 co-

158 902 265 930 ram
297 885 575 932 testimonio
606 885 867 928 comitatus
892 883 1045 929 factae
1066 889 1202 941 sunt,
1239 878 1418 941 justam
1441 898 1554 944 pro-

156 966 465 1028 portionem,
513 964 906 1025 modernamque
947 963 1309 1026 regulationem
1337 962 1558 1008 urbaria-

158 1049 257 1093 lem
281 1044 626 1109 quoquomodo
655 1042 914 1102 excedant3
950 1044 1012 1087 ad
1038 1045 1380 1090 conventiones
1405 1061 1560 1107 porro

157 1128 396 1174 ineundas
438 1125 535 1188 ipsi
570 1124 754 1171 subditi
792 1123 928 1169 nulla
966 1123 1015 1168 vi
1045 1124 1280 1185 nulloque
1310 1131 1444 1168 metu
1476 1124 1556 1169 ad-

158 1210 383 1270 igantur,
419 1213 502 1251 aut
529 1202 892 1260 severioribus,
946 1202 1217 1265 fucatisque
1247 1203 1560 1264 pollicitatio-

159 1289 303 1333 nibus
335 1284 754 1349 persuadeantur,
790 1299 965 1328 verum
991 1299 1018 1327 a
1047 1284 1202 1335 libero
1231 1283 1565 1346 ipsorummet

161 1367 364 1414 arbitrio
393 1356 674 1428 dependeat
709 1365 785 1410 vel
810 1365 1073 1410 convenire
1090 1397 1104 1422 ,
1161 1365 1200 1410 si
1226 1364 1276 1409 in
1310 1365 1433 1411 hanc
1453 1372 1566 1410 co'rr-

152 1448 444 1494 *ventionem
488 1444 765 1491 dominium
800 1444 1081 1490 terrestrale
1130 1444 1414 1500 accesserit,
1483 1445 1563 1490 vel

160 1545 274 1575 vero
308 1528 474 1591 potius
507 1524 749 1588 benignae
790 1523 1089 1588 regulationi
1118 1524 1356 1570 urbariali
1393 1525 1558 1570 inhae-

162 1625 300 1664 rere,
354 1623 407 1650 ac
441 1607 533 1650 hac
570 1604 823 1648 mediante
868 1602 1086 1649 tractari
1165 1604 1302 1651 lustr.
1341 1604 1563 1650 comissa-

161 1687 356 1734 riorum
379 1684 637 1748 regiorum
669 1689 706 1736 ζ).
732 1686 809 1730 26.
832 1683 892 1727 ad
920 1701 966 1744 p
999 1694 1042 1731 3

293 1768 473 1812 Omnes
523 1769 802 1810 contractus
860 1762 1173 1806 robottarum
1228 1751 1560 1809 reluitionales

166 1850 288 1903 fiant
322 1848 374 1892 in
413 1844 689 1907 praesentia
729 1842 1056 1888 comitatensis
1083 1843 1384 1900 testimonii,
1439 1844 1561 1891 item

166 1946 312 1991 super
380 1926 711 1972 urbarialibus
777 1923 1184 1985 prae-stationibus
1253 1923 1561 1970 conficiendi.

161 2010 336 2055 Urbar.
372 2026 418 2069 p.
445 2019 485 2055 3.
528 2005 569 2066 §.
600 2017 673 2052 11.
702 2002 882 2063 justam
915 2009 1132 2046 attamen
1168 2003 1567 2066 proportionem,

164 2096 213 2134 et
237 2088 502 2149 benignam
530 2083 834 2130 urbarialem
868 2083 1234 2145 regulationem
1283 2085 1565 2129 nullatenus

164 2170 474 2224 excedentes,
537 2172 683 2228 atque
717 2159 863 2209 huius
899 2162 1220 2226 regulationis
1257 2164 1563 2226 praescripto

165 2248 403 2311 impositis
439 2245 814 2310 obligationibus
862 2245 1037 2290 colono
1064 2242 1353 2306 neutiquam
1389 2260 1563 2290 onero·

169 2330 332 2375 siores.
349 2355 415 2363 -—-
439 2330 576 2373 Idem
604 2326 831 2372 obtinet
818 2344 868 2370 1n
897 2327 1100 2371 Banatu.
1135 2327 1252 2371 Urb
1281 2342 1381 2387 cap
1369 2330 1436 2372 4.
1464 2322 1504 2383 §
1519 2327 1565 2371 6.

289 2407 534 2470 Principio
556 2408 673 2464 illo,
722 2423 784 2453 ne
813 2405 1141 2451 contractuale
1170 2410 1559 2454 tract-amentum

172 2488 409 2534 urbariali
436 2487 632 2553 gravius
660 2488 736 2544 sit,
774 2496 871 2533 tam
898 2487 959 2532 ad
981 2485 1356 2530 communitates
1378 2485 1430 2530 in
1459 2499 1568 2528 con-

172 2575 331 2622 creto,
387 2586 532 2630 quam
571 2576 619 2614 et
651 2569 841 2614 colonos
882 2567 934 2612 in
987 2565 1275 2620 individuo,
1323 2575 1411 2611 seu
1457 2581 1567 2609 con-

169 2654 347 2692 tractus
375 2649 434 2692 ad
458 2665 615 2695 unum
634 2682 647 2706 ,
685 2665 769 2694 seu
800 2647 862 2694 ad
894 2646 1064 2709 plures
1096 2661 1244 2693 annos
1269 2645 1561 2694 concludan-

170 2732 276 2785 tur,
310 2729 361 2776 in
385 2731 521 2775 omni
549 2746 660 2777 casu
688 2729 961 2794 aequaliter
991 2735 1203 2775 extense.

904 3074 918 3096 Ι,

897 3077 973 3170 “15³
