1669 3189
640 137 980 195 *469*-

241 246 295 290 In
323 261 553 308 processu
587 245 826 292 urbariali
863 245 966 291 fisci
1002 243 1260 290 dominalis
1300 245 1506 291 dominii

109 323 343 387 Dfirgitse
382 324 685 371 Custodiatus
726 325 942 372 Albensis
989 331 1157 372 contra
1199 324 1508 370 censualistas

111 404 167 449 in
212 404 591 467 possessionibus
626 405 800 460 Pelso,
860 411 907 449 et
948 405 1054 450 Also
1091 404 1359 468 'Dfirgitse,
1419 420 1508 450 nec

108 500 212 531 non
238 484 371 529 Akali
402 484 454 528 in
497 483 734 528 comitatu
777 484 836 527 de
868 484 1002 528 Szala
1047 484 1109 529 ad
1157 484 1509 530 exaestimatio-

111 583 226 610 nem
254 563 522 609 fundorum
541 564 993 609 censualisticorum
1020 566 1226 628 agitato,
1287 572 1508 612 emanata.

109 647 200 690 sub
231 660 341 688 nro.
367 645 462 689 aul.
492 655 628 692 1722.
664 647 801 693 1816.
829 644 875 688 h.
904 643 1141 688 resolutio
1185 644 1348 708 regia,
1383 646 1503 689 haec

111 723 292 781 habet3
344 740 456 768 cum
486 724 536 768 id
567 722 776 784 qualiter
818 723 1084 768 actionales
1120 723 1254 769 fundi
1281 731 1510 785 praeten-

111 803 216 848 sive
261 802 464 849 curiales
508 803 619 865 (qui
655 803 822 866 vigore
856 810 1131 849 contractus
1166 803 1510 865 impopulatio-

111 883 235 930 nalis
285 894 426 931 1751.
464 897 557 943 per
601 880 789 926 nobiles
844 879 994 926 etiam
1037 897 1185 942 penes
1227 882 1395 928 literas
1444 882 1512 927 sic

113 963 264 1007 dictas
302 962 522 1026 guerales
569 961 914 1023 possidentur)
950 962 1197 1007 occasione
1238 961 1511 1007 introducti

110 1043 159 1092 1).
176 1044 380 1100 urbarii‚
416 1043 589 1089 obtutu
612 1044 758 1090 etiam
795 1042 1054 1088 dotationis
1081 1042 1509 1089 constitutivorum

110 1123 440 1169 urbarialium
477 1122 806 1168 considerati?
859 1140 955 1186 qua
997 1125 1181 1186 epocha
1214 1141 1240 1170 e
1277 1122 1508 1170 manibus

114 1203 324 1249 dominii
349 1204 408 1248 ad
443 1204 799 1265 possessorium
834 1203 1136 1249 incattorum
1170 1203 1414 1257 devoluti,
1466 1207 1515 1246 et

109 1285 380 1330 successive
416 1283 640 1339 tractati,
692 1300 753 1327 an
785 1284 909 1328 item
937 1283 1172 1340 dicalem,
1207 1282 1510 1338 fundualem‚

108 1367 190 1411 *vel
224 1362 525 1409 urbarialem
564 1363 973 1424 conscriptionem
1011 1364 1214 1428 ingressi
1259 1364 1383 1420 sint,
1461 1378 1515 1408 ac

115 1446 386 1510 generatim
403 1476 417 1500 ‚
456 1460 576 1489 num
596 1450 764 1489 tenuta
787 1443 907 1488 haec
939 1451 1153 1505 spectato
1179 1444 1225 1490 b.
1255 1443 1520 1541 ΥεεοΙυέἰοΞ

1451 1517 1492 1539 09.

1425 1570 1517 1610 4744

118 1635 422 1681 circulariter
447 1634 747 1697 publicatae,
796 1649 943 1696 scopo
965 1666 978 1689 ‚
1024 1650 1081 1678 ex
1107 1630 1269 1678 fundis
1319 1630 1518 1676 allodia-

115 1541 193 1586 nis
237 1539 403 1603 regiae
458 1538 538 1584 die
581 1549 658 1586 20.
709 1537 1006 1600 septembris
1047 1548 1186 1586 1775.
1270 1539 1388 1582 Nro.

117 1714 276 1770 libus,
322 1722 405 1758 aut
441 1713 821 1776 impopulationi
860 1713 1118 1775 subjectis,
1175 1713 1250 1757 vel
1291 1727 1409 1756 vero
1440 1711 1521 1755 de-

118 1795 262 1841 sertis
303 1802 412 1857 post
462 1810 642 1839 annum
684 1793 1020 1838 decretorium
1067 1798 1205 1840 1741.
1242 1808 1523 1837 exsurrexe-

121 1879 239 1934 rint,
265 1885 312 1922 et
338 1883 516 1940 quanto
536 1883 759 1935 tempore
790 1890 883 1935 per
911 1873 1222 1918 censualistas
1247 1872 1522 1934 possidean-

123 1958 243 2004 tur?
289 1959 342 2002 in
378 1972 609 2018 processu
645 1954 959 2015 hucadusque
992 1952 1292 1998 sufficienter
1328 1967 1523 1996 remon-

125 2044 337 2084 stratum
381 2035 516 2081 haud
563 2035 649 2090 sit,
707 2034 910 2096 insuper
959 2049 1078 2078 vero
1138 2048 1387 2095 perpenso
1445 2046 1523 2085 ec,

132 2118 262 2182 quod
289 2115 592 2161 subsistentia
614 2113 886 2159 subditelae
915 2120 964 2159 et
993 2114 1120 2158 ratio
1157 2112 1446 2176 capacitatis·
1459 2109 1525 2154 fe-

127 2201 400 2245 rendorum
438 2195 777 2260 publicorum,
838 2202 885 2240 et
927 2192 1256 2239 (lominalium
1296 2207 1523 2247 onerum,

121 2278 425 2344 praeprimis
451 2277 629 2340 justam
670 2292 868 2338 semper
913 2276 1077 2320 subire
1111 2275 1288 2320 debeat
1308 2272 1525 2335 reflexio-2

128 2378 272 2417 nem,
329 2359 741 2406 combinatorium
776 2373 970 2419 quoque
1013 2355 1304 2400 conditionis
1342 2353 1523 2415 prioris

130 2441 442 2487 tractamenti
484 2457 594 2485 cum
624 2456 704 2495 eo,
763 2437 892 2500 quod
920 2436 1183 2481 imminens
1211 2440 1358 2480 status
1385 2449 1525 2496 regu-

129 2520 332 2568 latorius
356 2520 631 2575 induceret,
668 2519 972 2564 elaboratum
1004 2517 1118 2563 actis
1148 2517 1296 2581 adjici
1322 2513 1524 2561 omnino

131 2609 382 2666 oporteat,
431 2601 546 2646 hinc
578 2618 662 2647 sua
695 2601 773 2646 via
813 2616 962 2662 penes
997 2601 1318 2661 respectivam
1355 2601 1523 2645 sedem

133 2683 434 2730 dominalem
454 2716 466 2738 ‚
503 2698 587 2738 ea,
626 2699 746 2743 quae
771 2682 979 2727 ulterior
1000 2696 1248 2742 processus
1278 2680 1525 2728 continua-

132 2766 203 2810 tio
230 2766 390 2829 quoad
415 2767 571 2829 posita
599 2766 738 2823 data,
784 2765 1183 2837 inducendasque
1224 2773 1424 2809 eatenus
1452 2763 1525 2806 lex
