1669 3189
699 183 1043 236 m570-w-

173 306 248 342 tus
274 299 382 344 6xr.
409 294 616 345 minore,
646 307 699 335 ac
723 289 941 334 extranei
961 289 1149 335 solvunt
1170 292 1349 351 pretio,
1386 293 1558 339 admit-

172 385 330 432 tatur,
396 378 444 421 in
495 372 820 435 praedialibus
853 387 970 416 vero
1005 371 1143 433 sylvis
1181 371 1425 419 beneficio
1467 375 1561 420 hoc

171 473 289 520 erga
315 471 509 499 censum
536 470 647 498 cum
680 453 902 497 dominio
929 452 1224 513 pectendum
1251 450 1495 500 fruentur.

303 537 345 595 §.
376 544 418 582 8.
487 535 533 580 Si
584 534 826 597 quispiam
870 534 1004 578 locus
1058 533 1428 590 communibus,
1483 542 1564 580 aut

170 617 305 677 juxta
341 615 570 660 sessiones
606 615 772 660 excisis
809 614 948 674 sylvis
974 614 1194 675 provisus
1232 621 1382 670 esset,
1431 620 1479 659 et
1501 621 1567 659 ta-

170 698 239 741 ]es
270 711 360 756 pro
383 713 474 741 usu
512 713 596 741 suo
640 697 854 740 retinere
887 695 1064 752 vellet,
1114 695 1168 739 in
1202 693 1441 757 ejusmodi
1481 695 1570 756 syl-

171 779 239 823 vis
271 778 475 841 lignatio
507 777 699 833 focalis,
747 784 796 821 et
823 775 1020 833 aedilis,
1070 783 1218 837 prout
1253 783 1300 821 et
1319 776 1568 839 glandine-

173 859 244 904 tio
263 893 277 916 ‚
331 866 379 903 et
405 859 646 921 gallen-um
674 855 891 900 collectio
937 856 997 901 ad
1023 858 1280 920 propriam
1308 855 1568 902 necessita-

170 947 272 985 tem
310 941 489 1000 absque
531 937 632 980 ulla
677 934 895 979 dominio
941 936 1205 997 pendenda
1241 936 1569 1000 praestatione

170 1018 327 1065 libera
369 1024 464 1074 est,
520 1033 545 1061 e
568 1031 800 1062 converso
839 1014 1119 1061 dominium
1148 1018 1200 1061 in
1229 1019 1316 1062 tali
1342 1034 1453 1062 casu
1483 1017 1569 1078 lig-

174 1100 461 1155 nationem,
527 1104 574 1142 et
622 1095 1048 1159 glandinationem
1099 1096 1305 1142 subditis
1348 1098 1402 1142 in
1442 1098 1573 1158 sylva

171 1197 257 1226 sua
282 1179 520 1224 dominali
537 1178 795 1223 admittere
813 1195 911 1223 non
926 1184 1138 1235 tenetur,
1162 1177 1258 1222 nisi
1274 1179 1328 1222 in
1353 1194 1568 1223 commu-

173 1260 366 1316 nitatis,
410 1260 488 1303 vel
527 1259 811 1303 colonorum
848 1259 987 1320 sylvis
1026 1259 1189 1304 nullae
1217 1257 1412 1320 penitus
1438 1258 1568 1321 glan-

176 1340 258 1385 des
294 1347 704 1402 procrearentur,
753 1346 922 1384 eotum
961 1347 1125 1385 autem
1161 1340 1385 1401 dominus
1418 1345 1572 1383 terre-

176 1420 283 1464 stris
314 1419 375 1463 ad
396 1418 639 1466 rationem
675 1418 984 1465 subditorum
1024 1436 1226 1464 suorum
1251 1417 1572 1482 glandinatio-

176 1516 293 1545 nem
317 1499 650 1561 praeferenter
680 1517 766 1557 eo,
821 1519 918 1563 quo
950 1501 1190 1545 extraneis
1216 1499 1376 1561 pretio
1400 1497 1571 1542 admit-

177 1587 259 1625 tet.
334 1579 660 1625 Nihilominus
694 1588 800 1624 tum
842 1581 1044 1635 harum,
1108 1596 1218 1624 cum
1272 1587 1321 1623 et
1360 1579 1571 1622 aliarum

180 1661 418 1721 sylvarum
451 1658 840 1722 superinspectio
871 1676 1022 1721 penes
1065 1659 1344 1705 dominium
1377 1663 1561 1706 manet.

632 1983 964 2032 CAPUT
1039 1987 1122 2032 ΙΙΙ.
1448 1927 1509 1987 α’

212 2093 296 2137 De
341 2093 625 2138 robottis
676 2101 734 2139 et
792 2093 1219 2139 servitutibus
1261 2089 1537 2139 urbaria-

794 2174 986 2221 libus.

311 2303 350 2364 ἕ.
381 2317 423 2351 1.
493 2305 704 2352 Colonus
748 2307 966 2369 integrae
1007 2303 1228 2352 sessionis
1258 2302 1462 2349 domino
1481 2317 1569 2346 suo

180 2385 406 2431 terrestri
441 2386 629 2449 singula
662 2387 974 2433 hebdomada
1009 2403 1106 2432 una
1137 2385 1214 2431 die
1249 2385 1309 2429 ab
1331 2390 1439 2429 ortu
1461 2383 1570 2429 solis

175 2479 325 2525 usque
385 2483 606 2514 occasum
658 2467 901 2530 imputato
944 2468 1041 2523 itu,
1111 2473 1159 2510 et
1199 2464 1362 2510 reditu
1403 2463 1566 2515 (horis

178 2547 498 2606 pabulationis
530 2555 577 2593 et
613 2548 944 2611 adaquationis
980 2546 1215 2609 exceptis,
1269 2563 1353 2591 suo
1398 2560 1566 2602 curru,

182 2632 359 2681 aratm,
378 2636 456 2672 aut
481 2645 594 2673 occa
621 2646 732 2674 cum
756 2629 942 2673 duobus
967 2634 1117 2676 autA.
1143 2627 1395 2689 jumentis,
1419 2633 1565 2689 prout

178 2707 419 2751 nimirum
453 2706 679 2755 hactenus
723 2709 775 2754 in
818 2727 907 2755 usu
942 2709 1056 2760 fuit)
1092 2708 1320 2754 laborare
1354 2715 1566 2764 tenetur,

181 2796 229 2835 Bt
252 2806 348 2834 non
378 2789 542 2836 licebit
577 2799 623 2841 [ι.
648 2793 887 2856 jugalium
912 2810 1177 2841 numerum
1206 2789 1462 2856 bipartiri,
1512 2803 1566 2834 ae

1651 654 1669 682 η’

1664 688 1669 698 .

1653 695 1669 749 ‘a
