1669 3189
764 201 832 213 ..ν-
889 178 972 227 4ι6
1032 201 1101 211 w...

202 296 292 340 hae
331 309 428 338 una
476 307 586 337 cum
645 285 902 332 curialium
955 287 1021 330 sic
1075 286 1321 333 dictorum
1366 288 1594 335 locorum

201 375 423 437 specifico
447 371 663 423 indilate,
691 368 883 429 fineque
910 366 994 411 illo
1017 366 1224 411 Consilio
1243 369 1373 430 regio
1398 370 1594 414 locumt.

202 448 611 499 transmittendae
657 446 893 502 venient,
962 454 1014 490 ut
1062 446 1353 490 sufficientes
1390 450 1595 495 tabellae

202 531 469 578 urhariales
491 560 504 582 ‚
542 544 594 571 ac
624 527 725 589 ipsa
756 527 907 571 etiam
944 527 1143 571 urbaria
1165 527 1215 570 in
1244 542 1297 570 re
1337 534 1385 570 et
1410 535 1599 590 tempo-

201 631 255 657 re
296 609 628 672 imprimenda
657 608 879 670 disponi,
930 609 1264 670 impressaque
1307 609 1369 653 ad
1403 624 1596 671 praeca-

205 690 413 738 vendam
436 705 632 733 omnem
662 704 916 733 remoram
948 689 1355 735 concernentibus
1400 687 1601 734 comita·
1644 724 1646 726 ψ

200 772 328 816 tibus
357 769 643 832 tempestive
666 769 929 814 transmitti
966 770 1164 831 possint.
1197 769 1318 814 Ibid.
1351 769 1388 829 §.
1427 782 1468 817 τ.

331 856 374 899 4.
412 852 467 895 ln
497 849 855 910 conscriptione
891 856 1055 893 autem
1075 849 1311 895 urhariali
1338 850 1470 910 juxta
1497 863 1603 893 mo-

202 931 453 976 dalitatem
484 928 794 975 instructioni
812 930 1157 991 exequentium
1185 931 1404 993 magistr.
1436 939 1610 992 capa..
1657 979 1664 989 μ,

212 1013 252 1073 §.
288 1024 333 1060 2.
365 1010 722 1074 praescriptam
759 1009 847 1053 suh
877 1010 939 1054 D.
966 1017 1010 1054 et
1045 1026 1147 1054 nro.
1179 1016 1221 1058 4.
1250 1017 1361 1056 sunt
1406 1027 1603 1072 sequen·
1664 1068 1667 1070 -

206 1091 533 1139 tesgruhricae
556 1088 855 1134 essentiales:

276 1182 316 1218 1.
348 1170 555 1215 Nomina
590 1174 637 1211 et
678 1167 965 1229 cognomina
1011 1167 1331 1224 colonorum,
1377 1169 1492 1215 dein
1532 1168 1601 1215 in-
1656 1159 1667 1222 ,ζ

330 1249 633 1311 quilinorum
661 1254 708 1290 et
736 1246 1206 1309 subinquilinorum.

266 1342 312 1379 2.
336 1329 572 1375 Sessionis
605 1327 829 1390 qualitas.

269 1423 312 1461 3.
342 1409 590 1471 Capacitas
629 1407 770 1452 sundi
809 1406 1109 1452 inti-aviliani
1146 1426 1234 1470 per
1282 1411 1602 1472 posonienses

338 1495 589 1534 metretas.

273 1577 317 1619 4.
343 1569 633 1615 Sessiorales
658 1575 819 1612 terrae
850 1569 1086 1624 arabiles,
1115 1575 1230 1614 met.
1256 1586 1420 1631 poson.

275 1661 318 1699 5.
364 1647 655 1694 Sessionalia
693 1656 863 1710 prata,
911 1667 960 1694 a.
1017 1665 1245 1710 semper,
1297 1653 1344 1695 b.
1386 1667 1526 1707 raro,
1563 1668 1604 1697 c.

337 1746 589 1792 nunquam
621 1729 693 1773 bis
725 1728 994 1785 salcabilia,
1031 1746 1120 1791 per
1156 1728 1395 1775 falcastra.

275 1814 320 1859 6.
356 1812 410 1855 In
438 1809 639 1872 praedio
669 1825 772 1853 nro.

279 1902 321 1938 7.
372 1890 510 1934 titulo
562 1886 894 1933 s'essionalium
941 1894 1142 1932 usuatae
1183 1894 1343 1932 terrae
1368 1887 1607 1943 arabites,

341 1977 482 2014 metr.
512 1986 614 2030 pos.
1565 1953 1570 1958 .

279 2060 323 2100 8.
359 2051 500 2095 Prata
529 2049 669 2094 titulo
697 2047 1032 2092 sessionalium
1073 2041 1242 2108 usuata
1272 2063 1468 2108 semper
1489 2079 1503 2103 ,
1537 2062 1610 2090 ra-

343 2148 399 2190 ro
427 2155 493 2161 —
515 2147 768 2192 nunquam
797 2129 871 2174 his
904 2129 1161 2191 salcabilia.

342 2221 385 2256 5.
422 2206 786 2271 Conscriptioni
810 2208 957 2266 huic,
996 2209 1072 2253 vel
1113 2208 1206 2269 ipsi
1247 2205 1435 2252 domini
1460 2212 1613 2251 terre-

217 2296 364 2345 stres,
400 2290 477 2334 vel
502 2290 778 2334 eorundem
821 2290 1047 2335 officiales
1080 2289 1331 2343 intersint,
1385 2292 1434 2330 et
1478 2285 1517 2330 si
1559 2282 1613 2329 hi

219 2370 501 2431 quampiam
529 2369 840 2415 subditorum
861 2370 1107 2415 sinistram
1132 2369 1450 2413 observarent
1477 2380 1617 2409 reve-

218 2448 453 2493 lationem
473 2483 486 2506 ,
524 2453 737 2496 eandem
768 2468 880 2496 mox
902 2451 1176 2506 declarent,
1212 2455 1265 2494 ut
1296 2448 1456 2493 taliter
1477 2453 1611 2491 tanto
1652 2455 1655 2458 ’

224 2527 365 2572 citius
394 2533 607 2591 genuina
631 2531 704 2576 rei
733 2532 910 2577 veritas
949 2529 1054 2576 erui
1082 2536 1238 2592 queat.
1291 2527 1338 2574 Si
1383 2543 1503 2572 vero
1539 2541 1615 2570 re-

219 2607 448 2653 velationi
473 2612 783 2657 subditorum
807 2610 995 2656 domini
1020 2616 1299 2664 terrestres,
1334 2609 1411 2653 vel
1439 2621 1614 2652 eorum

222 2685 454 2732 officiales
482 2707 576 2735 non
599 2693 962 2753 aquiescerent,
999 2690 1141 2735 toties
1185 2689 1367 2751 quoties
1401 2702 1616 2733 necessa-

223 2770 355 2814 rium
387 2770 733 2832 judicaverint,
769 2774 827 2819 ad
849 2772 1023 2818 faciem
1059 2770 1153 2816 loci
1189 2774 1477 2830 exequentes
1514 2780 1616 2810 ma·
1668 2812 1669 2822 ἵ

227 2849 529 2911 gistratuales
557 2859 757 2908 exeant,
794 2860 841 2897 et
879 2869 988 2898 rem
1021 2850 1342 2912 investigent,
1379 2864 1432 2895 ac
1466 2846 1614 2892 etiam
1668 2893 1669 2897 ,
