1669 3189
718 175 1067 218 *528*-

212 289 337 337 sedis
374 285 652 339 dominaliS,
686 283 766 328 sed
803 282 956 327 etiam
982 283 1151 328 damni
1187 300 1244 330 ex
1284 302 1427 332 mora
1464 286 1596 335 enati

206 370 576 417 resarcitionem
604 379 860 409 mansurae
890 363 1158 411 remittant.

336 464 377 506 9.
401 445 630 510 Quamvis
647 445 696 490 b.
724 444 923 490 urbario
951 444 1232 507 provisorie
1252 447 1304 492 in
1328 450 1592 497 tabulasle-

205 549 322 596 gum
350 529 532 583 relato,
570 527 700 589 quod
726 541 955 571 normam
986 527 1298 572 tractamenti
1331 531 1597 579 subditelae

205 614 254 656 in
293 614 521 669 respectu
557 624 751 670 quoque
790 606 1172 652 correlationum
1209 608 1336 654 inter
1380 611 1602 658 dominia

206 687 540 744 terrestralia,
595 695 643 732 et
687 689 880 732 colonos
931 687 1348 746 subversantium,
1397 690 1599 736 uberius

203 768 406 831 defigit,
446 767 685 813 sufficiens
733 768 793 812 ad
828 774 1044 813 mentem
1091 767 1353 814 altissimae
1387 771 1602 815 volunta-

200 849 260 894 tis
289 849 452 912 regiae
480 846 724 893 continuis
751 847 988 909 exemplis
1017 849 1368 906 manifestatae,
1396 856 1500 894 tum
1538 850 1600 895 ad

209 929 603 976 consolidandam
634 928 918 971 colonorum
955 928 1232 974 faciliorem
1271 930 1601 988 existentiam,

204 1027 315 1057 cum
348 1016 397 1054 et
445 1007 506 1051 ad
553 1007 805 1052 evitandos
838 1022 1006 1051 omnes
1044 1008 1251 1065 abusus,
1298 1017 1345 1054 et
1385 1026 1602 1055 excessus

204 1101 347 1155 atque
381 1088 747 1153 profligandum
794 1103 942 1131 omne
980 1087 1126 1131 etiam
1163 1088 1605 1159 functionariorum

203 1175 523 1238 publicorum
563 1172 613 1214 in
665 1170 753 1214 hac
798 1168 1233 1214 administrationis
1284 1177 1424 1233 parte
1480 1170 1605 1214 arhi-

203 1255 374 1310 trium,
397 1250 608 1313 provisio
634 1249 1022 1305 sactahabeatur,
1048 1250 1304 1295 observare
1330 1256 1495 1295 tamen
1515 1257 1604 1307 est,

204 1336 322 1380 hinc
351 1333 464 1377 inde
495 1329 741 1375 altissimis
772 1328 1126 1374 intentionibus
1163 1329 1340 1393 regiis,
1389 1336 1438 1374 et
1463 1331 1514 1374 h·
1537 1330 1606 1375 di.

215 1413 567 1479 spositionihus
593 1427 691 1455 non
721 1427 775 1454 ea
793 1410 949 1455 adhuc
970 1427 1077 1454 cum
1105 1410 1394 1466 intensione,
1423 1410 1600 1466 studio,

204 1504 252 1542 et
285 1494 528 1556 aequitate
558 1491 781 1537 satisfieri
802 1523 815 1547 ,
864 1497 916 1534 ut
954 1491 1013 1535 ab
1047 1489 1466 1535 administratione
1521 1506 1608 1551 pu-

206 1576 336 1622 blica
366 1574 460 1617 hoc
486 1573 538 1616 in
563 1571 752 1632 objecto
790 1569 914 1614 nihil
951 1569 1160 1630 amplius
1193 1569 1464 1620 desiderari
1494 1587 1604 1631 pos.

207 1658 286 1702 sit.
332 1650 645 1714 Experientia
690 1656 921 1693 testatum
965 1649 1156 1705 reddit,
1208 1650 1429 1710 querelas
1482 1649 1604 1692 colo-

208 1752 389 1784 norum
429 1750 568 1794 saepe
604 1731 923 1775 sundfflnento
950 1746 1049 1773 non
1079 1745 1264 1783 carere,
1300 1736 1352 1772 ut
1384 1736 1436 1772 ut
1458 1745 1602 1792 saepe

210 1818 330 1862 citra
356 1814 531 1875 justam
557 1827 747 1856 causam
782 1807 1070 1870 querulandi
1101 1807 1355 1869 pruritum
1391 1808 1606 1870 complu·
1660 1847 1669 1863 ,[-

209 1900 344 1943 ribus
370 1898 534 1941 adesse
558 1889 726 1953 negari
758 1903 858 1932 non
889 1887 1050 1949 possit.
1131 1888 1184 1931 Id
1205 1894 1367 1932 autem
1397 1887 1604 1943 admitti,
1667 1878 1669 1883 ’

210 1977 430 2042 plurima
463 1971 770 2018 subditorum
812 1967 1134 2012 urbarialium
1165 1967 1473 2030 gravamina,
1518 1982 1605 2030 po-

210 2060 453 2106 tissimum
473 2068 690 2099 excessus
714 2047 1440 2109 robottarum,praestationum
1458 2047 1603 2112 item,
1662 2055 1666 2061 “

208 2147 256 2186 et
285 2138 439 2185 varias
472 2133 739 2178 fundorum
767 2127 1130 2184 sessionalium,
1169 2135 1253 2172 aut
1283 2145 1435 2173 manu
1461 2129 1603 2174 rusti-

209 2238 265 2266 ca
312 2219 549 2263 cultarum
588 2210 772 2274 species
813 2207 1090 2269 respicere3
1158 2206 1332 2269 quibus
1371 2209 1603 2254 obviandi

207 2298 545 2345 necessitatem
595 2289 1008 2354 jurisdictionibus
1063 2289 1466 2335 concernentibus
1507 2306 1601 2352 pro
1658 2320 1660 2324 -

210 2380 397 2425 ratione
423 2373 571 2422 officii
596 2371 784 2434 imponi
817 2387 871 2415 eo
913 2368 1187 2414 evidentius
1227 2376 1322 2426 est,
1375 2386 1470 2432 quo
1512 2368 1601 2414 tali

208 2469 345 2523 pacto
379 2437 430 2504 et·
449 2457 644 2502 colonos
674 2450 881 2514 publicis
907 2449 1136 2494 oneribus
1163 2447 1380 2494 ferendis
1404 2466 1501 2495 non
1527 2450 1598 2494 ita

207 2557 348 2601 pares
380 2537 545 2591 reddi,
583 2541 630 2578 et
666 2532 805 2594 justis
832 2529 1104 2574 eorundem
1150 2528 1364 2591 querelis
1401 2530 1594 2592 longius

210 2619 504 2679 complanari
531 2610 858 2666 intermissis,
896 2615 1070 2654 statum
1108 2610 1379 2670 publicum,
1416 2617 1462 2655 et
1494 2608 1600 2670 ipsa
1646 2645 1648 2647 >

208 2697 426 2743 dominia
449 2697 799 2740 detrimentum
827 2689 929 2752 pali
963 2690 1144 2733 dehere
1172 2697 1359 2734 certum
1381 2689 1454 2734 sit.

337 2795 386 2822 a.
425 2780 528 2838 Quo
551 2773 817 2820 excessibus
853 2770 1154 2816 robottarum
1181 2777 1375 2826 contra,
1423 2770 1499 2815 vel
1532 2769 1598 2815 ul-
