1669 3189
719 202 927 245 -m352
993 225 1059 236 w·-

175 308 416 354 modanda
455 308 577 361 sint,
625 304 738 349 ideo
771 305 820 350 in
852 306 942 348 hac
977 307 1301 366 possessione,
1351 324 1431 353 seu
1461 309 1552 353 hoc

173 388 352 449 oppido
403 387 558 448 quoad
600 384 803 429 fundum
850 385 1217 432 intrav-illanum
1257 387 1554 444 decernitur,

171 474 223 510 ut
253 466 352 528 ipse
378 466 524 508 modo
551 464 706 509 dictus
746 463 923 510 fundus
954 466 1290 510 inti-avilianu's
1317 467 1459 513 unius
1489 468 1558 513 in-

173 551 339 607 tegrae
372 541 591 587 sessionis
634 543 936 600 colonicatis,
985 544 1168 588 inclusa
1198 561 1337 603 area,
1401 548 1558 605 horto,

174 623 442 683 horreique
475 621 577 665 loco
603 622 807 668 duarum
837 631 1165 670 metretarum
1193 625 1560 687 posoniensium

177 703 496 764 capacitatem
533 702 804 764 adaequare
831 704 1036 759 debeat,
1072 704 1138 749 ita
1167 712 1219 749 ut
1246 705 1485 767 quidquid
1510 705 1563 750 in

178 780 318 826 fundi
345 781 611 828 sessionalis
639 784 918 828 extensione
941 785 1000 827 ad
1024 784 1331 846 capicitatem
1354 786 1562 830 duarum

170 869 492 906 metretarum
520 863 887 924 posoniensium
917 865 1132 922 deesset,
1186 866 1306 909 illud
1332 865 1382 910 in
1413 873 1565 910 extra-

173 941 361 987 villanis
391 943 517 1004 agris
537 976 549 998 ,
591 952 671 988 aut
689 944 838 1005 pratis
862 945 1103 1006 suppleri,
1142 944 1378 1006 quidquid
1403 960 1428 988 e
1454 961 1567 989 con-

175 1028 252 1065 tra
284 1023 603 1083 capacitatem
629 1024 839 1068 duarum
868 1032 1187 1093 metretarum
1206 1025 1565 1086 posoniensium

187 1109 473 1163 superaret,
509 1103 631 1148 illud
656 1105 903 1149 viceversa
929 1105 977 1148 in
1007 1104 1386 1166 appertinentias
1419 1112 1570 1149 extra-

175 1180 376 1226 villanas
408 1181 644 1242 imputari
672 1183 872 1237 debeat,
927 1183 1022 1227 ,nisi
1059 1184 1423 1243 supernatantia
1448 1184 1568 1228 haec

175 1259 296 1303 adeo
333 1260 530 1303 modica
573 1262 655 1314 sit,
706 1268 760 1302 ut
786 1275 876 1304 nec
905 1262 1047 1304 unius
1081 1262 1362 1321 quadrantis
1386 1270 1565 1307 metre-

174 1346 251 1382 tae
283 1337 599 1399 capacitatem
629 1339 857 1394 excedat,
896 1355 1007 1382 cum
1034 1341 1224 1395 eadem,
1263 1357 1355 1401 qua
1389 1341 1572 1404 exigui-

177 1425 277 1472 tas,
337 1416 553 1479 alioquin
594 1418 916 1463 attentionem
968 1419 1250 1480 quampiam
1298 1420 1429 1465 haud
1473 1437 1572 1466 me-

182 1507 363 1544 reatur.
1427 1560 1431 1562 .
1479 1495 1482 1497 ⁵

313 1577 351 1637 §.
377 1589 420 1625 2.
455 1601 521 1610 --
553 1578 644 1621 Pro
683 1576 832 1621 fundo
872 1577 1189 1622 extravillano
1240 1578 1300 1622 ad
1329 1596 1478 1624 unam
1505 1579 1573 1625 in-

179 1667 370 1722 tegram
395 1658 655 1703 sessionem
683 1656 997 1702 colonicalem
1016 1674 1244 1720 agrorum
1268 1659 1438 1721 jugera
1463 1676 1574 1704 nro-

184 1766 247 1772 ——
284 1739 472 1802 singulo
522 1738 694 1800 jugero
745 1753 769 1784 2
824 1742 1144 1783 metretarum
1201 1738 1572 1800 posoniensium

187 1819 379 1881 capaci,

315 1899 453 1942 Prata
479 1915 596 1943 vero
628 1915 834 1943 numero
858 1923 923 1929 ——
957 1899 1008 1942 in
1035 1913 1158 1942 anno
1195 1916 1213 1943 s
1235 1899 1421 1954 emel‚
1467 1906 1571 1945 aut
1626 1917 1628 1920 ’

188 1981 280 2025 bis
316 1978 659 2024 falcabilia
696 1979 1050 2025 exscindantur.

320 2068 357 2113 §.
389 2073 432 2109 3.
469 2085 534 2093 —
568 2059 752 2122 Quodsi
795 2066 958 2102 tamen
1000 2059 1051 2102 in
1100 2057 1251 2120 agriS,
1313 2058 1389 2101 vel
1421 2058 1572 2119 pratis

193 2141 444 2203 quidpiam
476 2141 535 2184 ad
563 2140 851 2201 reqnisitum
884 2137 1181 2183 constitutivi
1211 2152 1478 2181 numerum
1502 2138 1578 2182 de-

192 2228 344 2276 esset,
394 2221 444 2264 id
482 2220 698 2281 suppleri
730 2227 898 2264 mutuo
921 2225 1103 2280 potest,
1148 2217 1336 2279 singulo
1373 2217 1478 2279 agri
1506 2215 1579 2277 ju-

148 2361 153 2364 ,
193 2317 309 2363 gero
351 2316 443 2361 pro
486 2307 628 2362 prato
669 2301 813 2344 unius
863 2315 1029 2344 currus
1065 2296 1253 2359 capaci,
1309 2305 1355 2342 et
1393 2297 1578 2342 vicisim

198 2387 493 2441 computato.

330 2460 370 2519 §.
400 2466 445 2507 4.
482 2485 544 2492 ——
581 2459 828 2523 Quidquid
876 2460 933 2504 de
978 2458 1168 2521 integra
1201 2458 1411 2503 sessione
1441 2469 1582 2516 prae-

200 2547 421 2586 notatum
444 2547 541 2594 est,
586 2541 716 2585 idem
747 2541 806 2585 de
833 2539 1023 2594 media,
1075 2536 1431 2601 quartali,⁷aut
1459 2541 1582 2580 octa-

197 2620 293 2668 vali
322 2619 527 2666 sessione
559 2637 584 2665 a
611 2621 928 2684 proportione
954 2619 1332 2683 intelligendum
1367 2623 1484 2663 esto.

1658 285 1669 724 *smmum-J
1658 248 1666 262 a
1662 211 1668 237 ..-
