1669 3189
744 196 813 209 m
871 174 956 225 511}>
1013 197 1084 210 «nu

207 286 515 336 eomitatibus
552 284 848 332 intimatam)
891 282 942 327 in
975 282 1081 345 ipsa
1131 277 1383 331 comitatus
1429 282 1592 330 sedria

199 371 537 434 praeferenter
563 370 726 408 tamen
756 371 1147 422 assummantur3
1184 373 1233 410 et
1260 382 1354 428 quo
1385 366 1591 412 celerius

198 448 624 500 determinentur,
663 443 701 489 si
730 444 939 506 proinde
967 445 1241 491 istiusmodi
1268 444 1594 508 querimonia-

201 546 316 575 rum
356 525 537 582 intuitu
563 523 623 570 ad
650 525 952 571 comissarios
977 525 1138 590 regios
1170 526 1494 588 supplicantes
1525 542 1600 570 re-

204 611 432 660 current,
481 605 765 651 modalitate
797 613 1125 669 praeattactae
1168 606 1410 669 benignae
1445 606 1603 669 dispo-

202 684 393 731 sitionis
425 701 648 729 caesareo
678 685 845 749 regiae
873 702 985 730 cum
1021 685 1268 730 indorsata
1293 684 1383 729 hac
1411 684 1601 729 ratione

204 765 480 811 eorundem
511 765 769 810 instantiae
792 766 1059 810 invientur.

334 845 521 891 Intuitu
547 863 662 891 vero
698 861 992 890 recursuum
1029 852 1136 890 ante
1160 843 1489 889 introductam
1520 859 1599 889 ur-

199 926 440 971 barialem
467 924 826 988 regulationem
867 926 1227 982 observabunt,
1273 932 1326 969 ut
1347 925 1463 969 tales
1483 940 1597 986 que·-

200 999 441 1052 rimoniae
478 1006 530 1051 in
563 1005 674 1050 sede
711 1003 945 1050 dominali
972 1006 1360 1061 assummendae,
1397 1012 1445 1050 et
1479 1005 1606 1050 deci-

202 1088 419 1143 dendae,
471 1087 598 1131 acin
623 1085 779 1131 sedi-ia
819 1085 1021 1132 demum
1059 1102 1143 1130 suo
1171 1068 1322 1130 modo
1351 1092 1396 1129 et
1430 1086 1606 1130 ordine

201 1167 500 1215 revidendae
534 1166 874 1228 disponantur.
945 1168 1178 1212 Ceterum
1203 1164 1409 1210 ulterius
1437 1164 1603 1219 etiam,

203 1263 424 1310 quaeque
455 1247 506 1290 in
530 1246 701 1292 ordine
731 1246 792 1292 ad
828 1247 1115 1292 colonorum
1152 1245 1400 1292 instantias
1436 1243 1606 1289 comis-

201 1328 329 1372 sario
364 1327 503 1390 regio
531 1325 770 1371 exhibitas
791 1342 883 1388 per
907 1327 1122 1372 eundem
1148 1325 1371 1370 ordinata
1405 1323 1606 1379 fuerint,

205 1408 266 1451 ad
297 1408 666 1470 processualem
691 1406 908 1469 judicem
933 1406 1173 1452 nobilium
1197 1406 1458 1452 invientur.
1537 1405 1608 1449 In-

205 1486 393 1531 stantiis
423 1494 470 1531 et
506 1488 720 1548 desuper
755 1485 892 1530 factis
926 1486 1248 1531 decisionibus
1269 1502 1360 1547 per
1382 1484 1607 1530 comissa-

205 1567 340 1611 rium
370 1567 566 1629 regium
601 1574 820 1628 separato
843 1567 1113 1628 protocollo
1142 1566 1434 1613 inserendis.

337 1647 600 1691 Instructio
650 1653 813 1691 autem
864 1663 1000 1709 exeq.
1039 1642 1185 1710 mag.=
1209 1664 1311 1710 cap.
1346 1648 1402 1693 V.
1442 1653 1478 1700 §.
1524 1657 1605 1697 50.

207 1729 339 1773 circa
362 1729 513 1773 finem
538 1727 659 1771 haec
684 1728 859 1771 habet:

337 1808 594 1852 Praeterea
630 1805 813 1850 subditi
857 1822 913 1850 eo
949 1805 1286 1862 instruantur,
1344 1811 1392 1850 et
1422 1803 1608 1851 invien-

205 1893 313 1942 tur,
360 1894 413 1930 ut
442 1902 525 1930 seu
561 1884 939 1930 communitates
977 1886 1028 1930 in
1069 1893 1332 1941 concreto,
1381 1885 1480 1930 sive
1519 1885 1599 1929 hic
1663 1880 1667 1887 ’

206 1969 284 2014 vel
308 1968 395 2012 ille
420 1965 731 2028 particularis
761 1965 982 2012 subditus
1019 1982 1111 2028 per
1138 1967 1367 2013 officiales
1388 1965 1608 2010 domina-

204 2048 324 2104 ]es,·
352 2053 432 2091 aut
474 2045 737 2092 servitores
779 2044 1162 2108 injuriarentur,
1222 2064 1315 2110 pro
1337 2045 1605 2092 obtinendo

205 2125 434 2170 remedio
463 2132 511 2170 et
537 2124 856 2170 satisfactione
877 2133 1139 2171 recurrant
1167 2126 1228 2171 ad
1248 2133 1597 2173 concernentes

208 2205 437 2250 dominos
473 2211 758 2262 terrestres,
803 2205 953 2250 veluti
992 2206 1206 2267 primam
1236 2208 1511 2252 eorundem
1534 2207 1605 2253 in-

208 2286 470 2342 stantiam,
517 2302 607 2348 pro
634 2302 747 2331 casu
773 2301 888 2331 vero
922 2286 1182 2332 acaihidem
1218 2286 1470 2332 medelam
1505 2304 1605 2335 non
1662 2295 1667 2299 ’

207 2368 515 2424 obtinerent,
567 2383 820 2413 recursum
856 2367 1034 2413 faciant
1063 2367 1123 2411 ad
1157 2366 1497 2431 magistratum
1530 2385 1605 2413 co·
1646 2395 1650 2399 -

209 2447 516 2494 mitatensem
550 2448 601 2493 in
639 2465 695 2493 eo
736 2447 837 2509 jam
870 2446 1033 2494 debite
1070 2447 1392 2506 instructum,
1439 2455 1494 2494 ut
1527 2466 1603 2495 ex-

214 2527 478 2572 audiantur
513 2545 565 2573 ac
594 2545 684 2590 pro
721 2527 881 2588 justo,
934 2535 983 2572 et
1014 2544 1168 2591 aequo
1207 2529 1372 2575 dehita
1412 2528 1600 2574 eisdem

208 2605 505 2668 praebeatur
546 2606 831 2663 satisfactio,
888 2624 1033 2670 quam
1076 2625 1185 2655 cum
1226 2611 1396 2673 utique
1435 2608 1601 2654 obten-

210 2685 311 2730 turi
345 2686 464 2741 sint,
500 2688 705 2749 propria
730 2688 989 2734 autoritate
1010 2705 1260 2752 nunquam
1284 2695 1440 2753 agant.
