1669 3189
723 180 792 193 vw-
852 155 936 208 604
992 181 1086 225 “⁸⁰⁷

194 277 387 317 nomm,
423 268 468 306 et
489 259 675 315 notitia,
712 259 1229 325 observandorumque
1250 261 1581 309 observatione

196 342 478 396 exn-adem,
540 357 692 385 unum
737 357 856 386 vero
910 359 966 386 ex
1002 343 1077 387 his
1132 344 1381 405 exemplar
1428 342 1585 387 isthuc

199 424 494 469 submittant.
1580 424 1582 426 V

323 502 382 544 Et
416 500 527 562 quia
557 500 685 544 circa
715 516 867 545 onera
895 502 1133 546 curruhus
1165 501 1478 547 subditorum
1498 502 1587 547 im-

192 580 420 642 ponenda
445 580 567 626 nihil
600 581 721 626 certi
750 582 890 627 statui
924 589 1114 644 posset,
1152 583 1262 627 ideo
1297 583 1349 628 in
1377 583 1451 627 his
1476 599 1585 628 one-

191 661 381 716 randis,
436 660 616 705 virium
653 661 899 705 dumtaxat
937 670 982 708 et
1019 663 1206 707 roboris
1235 661 1585 722 jumentorum,

190 758 243 785 ac
269 740 531 801 temporis,
587 740 877 804 viarumque
915 743 1270 787 commoditatis
1301 759 1359 786 ea
1389 757 1583 803 semper

187 821 430 866 habeatur
468 821 619 877 ratio,
677 837 737 865 ne
775 838 868 882 per
903 824 1198 868 excessivum
1234 830 1280 868 et
1309 819 1586 884 impropor-

191 900 433 945 {innatum
486 916 604 944 onus
651 916 829 962 pecora
864 902 1277 948 contribuentium
1315 902 1444 946 ultra
1481 917 1585 946 mo-

191 981 337 1038 dum,
376 988 420 1026 et
454 978 689 1025 notanter
720 997 856 1037 eam,
915 998 1059 1043 quam
1096 981 1192 1042 ipsi
1223 980 1403 1047 subditi
1427 986 1586 1024 vectu.

184 1077 291 1106 ram
316 1062 412 1124 ‘pro
443 1079 490 1107 se
523 1069 801 1107 exercentes
817 1063 1145 1107 communiter
1164 1060 1396 1106 adhibere
1412 1061 1582 1115 solent,

193 1160 478 1189 mensuram
529 1150 825 1205 graventur,
879 1159 989 1188 cum
1036 1158 1168 1187 secus
1211 1141 1366 1186 omnis
1412 1140 1579 1185 damni

192 1223 396 1280 refusi09
433 1238 813 1285 excessuumque
840 1221 1120 1268 bonificatio
1148 1222 1366 1267 dominia
1387 1236 1582 1284 semper

126 1324 128 1327 ’
192 1302 253 1347 sit
290 1320 533 1350 mansura.

280 1385 403 1428 Cum
423 1385 539 1430 item
556 1385 825 1431 urbm-iales
841 1387 1060 1431 rohottae
1075 1383 1451 1430 hebdomadales
1480 1399 1583 1429 sen-

181 1479 234 1507 su
273 1462 321 1506 h.
358 1464 548 1510 urbarii
586 1466 636 1510 in
671 1482 782 1510 usus
822 1473 869 1509 et
913 1481 1083 1526 operas
1125 1465 1415 1510 domesticas
1458 1465 1581 1510 citra

183 1543 470 1604 aggravium
500 1540 786 1605 sumptuum
829 1544 890 1587 atl
924 1543 1180 1604 propriam
1212 1551 1259 1586 et
1285 1544 1576 1589 animalium

177 1620 580 1666 intertentionem
606 1623 810 1669 subditis
842 1623 1227 1679 causandorum,
1290 1624 1575 1684 neutiquam

180 1707 344 1744 autem
369 1701 418 1745 in
435 1702 600 1764 longas
620 1702 840 1763 plurium
861 1703 1057 1745 dierum
1082 1709 1298 1745 vecturas
1327 1702 1374 1745 in
1398 1718 1576 1763 expen-

177 1780 238 1823 sis
276 1779 581 1825 subditorum
613 1781 926 1842 praestandas
951 1781 1173 1842 impendi
1199 1782 1423 1837 debeant,
1463 1781 1576 1828 ideo

178 1858 380 1903 subditis
422 1858 473 1904 in
512 1876 656 1905 sensu
694 1862 738 1906 b.
775 1860 964 1906 urbarii
1000 1861 1167 1922 puncti
1204 1873 1246 1909 5.
1283 1858 1332 1922 ἕ.
1374 1874 1444 1910 12.
1477 1879 1570 1924 per

173 1939 431 1984 decursum
459 1940 602 1986 unius
626 1941 740 1986 anni
769 1940 963 1985 nonnisi
1009 1957 1157 1985 unam
1186 1941 1384 2003 longam
1408 1948 1573 1987 vectu-

173 2036 280 2063 ram
310 2027 562 2081 praestare
600 2021 841 2083 obligatis,
886 2020 1103 2065 dominia
1124 2020 1422 2066 terrestralia
1443 2037 1470 2064 a
1497 2037 1573 2065 ro-

170 2099 316 2143 bottis
350 2099 788 2146 hebdomadalibus
827 2101 878 2144 in
926 2098 1167 2161 ejusmodi
1196 2101 1366 2163 longas
1407 2109 1568 2148 vectu-

171 2195 247 2223 ras
288 2197 400 2226 cum
431 2181 813 2243 insupportabili
856 2180 1152 2225 miserorum
1197 2175 1458 2227 hominum
1487 2199 1565 2245 ag-

168 2262 335 2323 gravio
361 2257 721 2317 convertendis,
757 2278 854 2306 non
879 2268 1066 2306 tantum
1101 2277 1193 2324 pro
1214 2259 1378 2306 futuro
1403 2277 1582 2323 super:

176 2342 401 2397 sedeant,
462 2340 548 2384 sed
575 2340 722 2386 etiam
766 2358 858 2402 pro
898 2341 1169 2403 praeterito
1217 2350 1436 2388 causatos
1476 2343 1565 2387 hoc

168 2420 305 2465 titulo
363 2429 580 2482 sumptus
642 2421 835 2468 miseris
913 2422 1336 2469 contribuentibus
1391 2422 1557 2470 refun-

169 2498 297 2543 dana

259 2581 390 2625 Dein
403 2598 519 2627 vero
535 2584 663 2628 circa
680 2583 1076 2645 desumptionem
1093 2586 1399 2631 robottarum
1412 2597 1553 2645 prae-

170 2659 401 2720 scriptam
434 2663 479 2708 h.
517 2663 707 2707 urbarii
748 2671 926 2725 puncto
969 2676 1011 2713 5.
1061 2665 1099 2725 §
1143 2669 1189 2713 6.
1223 2665 1558 2711 modalitatem

164 2738 228 2784 sic
259 2739 535 2798 observent,
570 2750 621 2788 ut
646 2744 738 2790 hae
761 2761 860 2792 non
888 2746 1200 2803 cumulatim,
1234 2760 1407 2794 verum
1437 2744 1552 2790 heb-
