1669 3189
708 199 1046 247 ...βόωψ

187 321 376 368 fundos.
459 322 539 365 45.
574 307 771 357 Trifolii
813 304 1126 352 inseminatio
1168 303 1572 367 commendanda.

190 407 267 450 46.
304 402 543 445 Numerus
570 404 808 452 pecorum
835 394 881 431 et
914 386 1161 448 pecudum
1212 385 1364 428 relate
1405 386 1464 429 ad
1496 398 1580 445 pa-

190 498 356 527 scuum
385 471 758 521 determinetur.
828 475 906 521 Αἵ.
944 465 1122 510 Privati
1160 470 1380 526 pastores
1416 464 1583 507 tollen-

187 563 251 607 di,
321 565 397 604 1¹43.
448 551 622 614 Quoad
670 546 1015 609 extirpaturas.

315 632 465 692 Hujus
497 632 546 674 in
580 636 639 678 48
673 626 989 690 paragraphis
1016 631 1271 670 contentae
1300 621 1575 670 instructio-

186 718 259 763 nis
298 710 695 759 comissariorum
730 707 1012 770 regiorum,
1047 722 1177 762 usus,
1214 713 1262 749 et
1297 700 1585 768 provocatio

187 800 240 843 fit-
276 795 327 838 in
356 801 454 838 toto
481 791 634 835 isthoc
671 804 849 850 opere,
899 786 1196 848 praesertim
1240 787 1393 830 relate
1429 783 1490 828 ad
1528 798 1586 828 ea

186 875 458 940 principia,
494 872 590 933 jam
611 870 866 915 occasione
887 867 1157 912 introducti
1183 868 1233 914 in
1257 882 1412 928 regno
1441 862 1585 909 urba-

188 957 251 1000 rii
299 955 552 1015 adoptata,
602 965 723 1012 quae
766 963 897 993 nunc
947 964 1136 1008 quoque
1178 962 1315 992 suam
1357 944 1588 991 stabilita-

187 1043 318 1090 tem,
359 1042 406 1078 et
443 1035 495 1077 in
534 1026 813 1075 decidendis
851 1026 1003 1070 causis
1050 1026 1377 1072 urbarialibus
1431 1023 1585 1085 appli-

193 1117 433 1160 cationem
492 1113 700 1166 habent3
746 1107 866 1151 adeo
896 1106 1128 1169 quidem,
1168 1115 1222 1151 ut
1264 1106 1318 1149 in
1356 1105 1584 1150 omnibus

191 1195 293 1240 fere
323 1193 507 1237 casibus
556 1191 616 1234 ad
654 1188 828 1232 eadem
869 1186 1158 1231 recurrendi
1206 1184 1467 1230 necessitas
1510 1186 1588 1230 ad-

191 1274 268 1317 sit.
331 1275 591 1317 Contextus
627 1274 828 1312 attactae
877 1263 1244 1321 instructionis,
1290 1266 1343 1310 in
1391 1282 1585 1311 concer-
1641 1275 1644 1278 '

191 1351 417 1397 uentibus
450 1347 661 1395 rubricis
682 1380 696 1404 ,
724 1364 781 1392 ex
809 1346 986 1391 merito
1024 1345 1222 1391 uberius
1246 1346 1465 1408 patescit.

807 1473 930 1509 ART.
966 1474 1023 1510 ΙΙ.

192 1561 274 1604 De
317 1560 363 1601 b.
400 1556 772 1600 Instructz'one
820 1569 920 1611 pro
955 1553 1476 1613 magistratzzalibzzs
1508 1567 1592 1595 ur-

226 1622 492 1666 bar-[alem
526 1620 930 1680 regzzlatz'onem
971 1620 1360 1677 exequentibus
1390 1619 1561 1661 deser·-

449 1689 659 1741 viente,
696 1695 738 1731 5.
775 1683 1046 1742 capitibus
1071 1689 1346 1728 contenta.

197 1797 447 1844 CAPUT.
500 1798 535 1842 Ι.
603 1798 692 1841 De
731 1793 1099 1857 peragendo
1161 1794 1462 1840 examine
1518 1795 1593 1841 ad

358 1894 584 1922 novem
618 1881 871 1938 puncta
907 1875 1439 1937 interrogatoria.

331 2009 367 2054 (j.
420 2013 457 2047 1.
510 2001 809 2061 Exequentes
851 1998 1172 2045 instructione
1211 2001 1301 2044 hac
1355 2000 1447 2045 sibi
1484 2009 1597 2045 nota

151 2107 163 2113 ⁴
203 2083 423 2137 reddita,
463 2081 514 2124 in
550 2080 673 2124 facie
699 2080 946 2124 bonorum
982 2081 1365 2142 regulandorum
1391 2078 1610 2142 judices,

197 2169 244 2207 et
272 2163 453 2222 juratos
488 2161 687 2222 praevie
726 2159 1009 2220 juramento
1040 2159 1307 2216 adstrictos,
1339 2160 1444 2205 aliis
1479 2177 1595 2223 quo-

204 2260 296 2304 que
321 2242 607 2297 convocatis,
654 2241 714 2284 ad
739 2258 916 2287 novem
939 2248 1117 2304 puncta
1133 2242 1442 2298 examinent,
1464 2257 1600 2286 men-

199 2323 389 2366 dacibus
408 2323 696 2367 colonorum
714 2321 1000 2368 fassionibus
1026 2337 1117 2384 per
1147 2323 1487 2368 comissariurn
1521 2337 1597 2366 re-

212 2402 346 2463 gium
370 2401 648 2463 puniendis.
684 2429 748 2435 —-
784 2400 975 2455 §.⁴2.-—-
998 2402 1278 2450 1.fassiones
1295 2402 1598 2465 excipiantur

206 2481 372 2542 lingua
405 2483 676 2528 vernacula.
713 2495 760 2531 2.
813 2485 938 2528 clare
965 2490 1011 2527 et
1037 2483 1292 2539 ordinate,
1329 2494 1371 2531 5.
1400 2499 1490 2545 per
1522 2482 1592 2544 ju-

206 2559 334 2602 dices
363 2569 409 2604 et
435 2563 620 2623 juratos
646 2560 1053 2618 subscribendae,
1090 2569 1170 2606 aut
1214 2577 1358 2606 cruce
1409 2560 1596 2623 signan-

208 2638 313 2681 dae.
350 2645 392 2683 ἐι.
421 2656 512 2698 per
537 2648 828 2702 exequentes
855 2639 1014 2703 sigillo
1038 2647 1082 2685 et
1106 2641 1460 2703 subscriptione
1485 2659 1596 2703 pro-

205 2715 326 2778 priis
360 2719 682 2765 roborandae.
722 2732 767 2770 5.
799 2721 994 2783 praevie
1027 2729 1193 2767 tamen
1221 2723 1375 2768 adhuc
1416 2723 1596 2768 colonis

205 2797 545 2859 perlegendae.
583 2803 626 2846 6.
676 2802 885 2862 gravitas
924 2800 1193 2861 juramenti
1232 2808 1342 2847 aute
1381 2803 1482 2867 ejus
1517 2803 1597 2849 de-
