1669 3189
585 191 655 203 *w*
713 170 792 212 581
857 190 949 220 um·

60 277 159 332 tio,
196 283 296 321 tarn
330 277 461 339 apud
491 277 749 322 dominum
783 281 1070 321 terrestrem
1099 290 1153 319 ac
1182 273 1449 332 subditum,

60 374 207 419 quam
236 365 284 402 et
313 358 601 403 comitatum
630 356 939 402 asservanda.

193 439 234 499 §.
270 455 316 501 9.
353 438 402 484 Si
442 438 495 482 in
543 435 930 500 promonthoriis
979 435 1115 480 nulla
1154 434 1297 495 plane
1327 440 1449 477 esset

60 519 161 564 vini
185 518 546 580 procreati0,in
568 519 653 563 tali
679 516 892 577 casn,jus
910 524 1201 560 montanum
1226 506 1450 576 primum

59 616 120 643 ex
152 598 377 660 subsequi
406 598 520 643 anni
544 597 887 660 procreatione
924 596 976 640 in
1013 603 1212 649 natura,
1248 595 1454 639 nullate-

60 695 150 725 nus
185 694 298 725 aere
320 686 489 740 parato
522 677 848 739 exigendum,
885 683 932 720 et
967 676 1317 737 praestandum
1345 675 1455 720 erit.

605 857 673 866 ωε
680 856 888 867 Μῖνι-,καινα-

531 991 857 1036 CAPUT
922 991 998 1036 VI.

60 1105 144 1149 De
177 1102 432 1166 juribus
468 1107 526 1145 et
561 1099 976 1161 proventibus
1002 1100 1455 1150 dominalibus,

193 1262 216 1322 §
271 1274 312 1308 1.
364 1262 557 1307 Caduca
592 1260 899 1323 subditorum
941 1261 1068 1306 bona
1117 1277 1209 1324 per
1246 1260 1460 1306 subditos

62 1359 159 1387 non
183 1343 492 1403 usurpanda,
527 1340 610 1384 sed
639 1341 770 1385 illico
802 1340 1023 1386 dominio
1061 1340 1372 1406 detegenda,
1410 1346 1460 1384 et

60 1428 210 1484 prout
241 1421 391 1476 haee,
426 1422 493 1464 ita
532 1427 579 1464 et
609 1419 936 1483 profugorum
966 1424 1094 1469 bona
1128 1423 1259 1468 salvo
1287 1422 1462 1465 articu-

60 1503 109 1546 lo
151 1512 226 1550 18.
260 1512 397 1562 1723.
430 1500 659 1545 dominus
687 1502 928 1545 terrestris
955 1518 1102 1546 sensu
1123 1503 1194 1546 tit.
1233 1511 1310 1548 50·
1335 1507 1462 1562 part·

63 1594 106 1630 5.
144 1579 456 1643 recipiendi,
504 1579 638 1641 jure,
697 1588 744 1625 et
791 1596 904 1625 aere
944 1581 1102 1626 alieno
1139 1581 1340 1643 praevie
1383 1582 1463 1624 de-

64 1662 226 1717 ducto,
262 1661 409 1705 habet
439 1658 742 1708 facultatem.

196 1739 531 1785 Caducitatum
567 1738 760 1801 negotia
792 1755 884 1799 per
927 1740 1052 1784 solos
1099 1739 1364 1785 dominales
1396 1738 1466 1783 of-

64 1821 245 1866 ficiales
302 1819 531 1879 deinceps
573 1834 670 1862 non
703 1823 976 1861 tractentur
997 1850 1010 1873 ,
1050 1818 1207 1862 sedin
1241 1818 1356 1862 sede
1384 1819 1466 1862 do-

63 1901 233 1947 minati
275 1902 407 1963 juxta
445 1898 807 1960 praescriptum
843 1896 919 1940 tit.
947 1907 1021 1944 50.
1054 1904 1178 1959 part,
1206 1910 1251 1946 5.
1282 1913 1464 1943 assum-

63 1988 277 2036 mantus,
318 1989 363 2026 et
389 1979 802 2032 determinentur,
821 1975 1108 2038 ibidemque
1133 1977 1463 2024 determinata

66 2063 127 2107 ad
152 2062 366 2107 sedriam
396 2059 650 2105 comitatus
692 2056 991 2103 referantur.

196 2143 234 2203 §.
255 2155 298 2191 2.
369 2142 608 2185 Desertae
635 2138 891 2191 sessiones,
928 2143 978 2181 et
1012 2152 1183 2181 omnes
1215 2137 1296 2180 alii
1324 2137 1464 2182 fundi

67 2223 486 2284 conscriptionem
526 2227 787 2283 portarum
841 2219 940 2281 jam
985 2218 1311 2280 subingressi,
1370 2235 1464 2280 per

69 2304 286 2349 subditos
323 2304 383 2348 ob
419 2301 719 2348 severiorem
766 2299 1103 2344 tractationem
1146 2299 1464 2344 dominorum

69 2383 384 2428 terrestrium
419 2380 757 2444 profugientes
791 2379 1081 2434 derelictae,
1117 2378 1340 2440 profugis
1364 2398 1460 2425 non

68 2463 445 2520 revertentibus,
483 2464 619 2509 novis
648 2461 830 2507 colonis
860 2460 1134 2517 tradantur,
1171 2468 1251 2505 aut
1275 2462 1325 2505 in
1353 2462 1461 2506 loco

70 2545 360 2608 degentibus
383 2545 602 2600 subditis,
631 2559 748 2606 erga
776 2541 1089 2603 praestandas
1113 2540 1246 2602 juxta
1269 2541 1462 2585 moder-

70 2642 186 2670 nam
215 2625 577 2687 regulationem
611 2621 1004 2685 proportionatas
1024 2621 1292 2677 servitutes,
1312 2629 1360 2666 et
1385 2622 1465 2665 da„

71 2704 162 2750 tias
194 2705 536 2752 attribuantur.
