1669 3189
94 255 329 311 annorum
362 270 497 316 1768.
533 275 580 313 et
625 281 761 317 1771.
805 269 1020 332 quamvis
1066 285 1162 313 non
1211 269 1488 330 perennali-

91 345 178 390 bus
213 348 433 408 provisa,
483 349 534 393 in
583 365 807 411 processu
854 348 1089 394 urbariali
1134 349 1236 392 fisci
1283 348 1490 393 dominii

91 426 334 471 Vorosvar
367 437 534 474 contra
557 430 962 474 communitatem
1003 431 1064 474 ad
1103 429 1310 474 eandem
1348 429 1491 472 urba-

89 505 166 548 rio
193 506 548 568 subjiciendam
576 508 781 571 agitato,
816 509 867 553 in
894 526 984 554 usu
1017 506 1358 553 contractualis
1393 515 1490 550 tra-

91 586 321 630 ctamenti
357 586 593 631 altissimo
637 586 745 631 loco
795 587 1006 632 stabilita
1047 594 1132 632 est.
1185 589 1300 633 Nro.
1338 590 1483 644 9658.Ἰ

93 676 230 714 1315.

221 745 362 791 Plura
390 760 581 808 quoque
609 745 832 807 exempla
863 745 1105 791 officiosae
1144 746 1484 806 pertractatio-

90 830 196 886 nis,
245 827 539 873 decidendae
587 826 702 871 huic
757 827 1031 888 quaestioni
1079 827 1354 872 subservire
1385 843 1490 888 pos-

89 917 223 965 sent,
269 924 295 951 a
332 907 504 969 quibus
549 915 713 953 tamen
754 915 856 952 tuto
906 908 1045 952 isthic
1077 908 1179 970 jam
1218 904 1490 968 praescindi

86 994 272 1050 potest,
310 1004 367 1031 eo
395 986 581 1050 magis,
629 1003 739 1032 cum
786 987 1032 1050 objectum
1082 987 1302 1048 ejusdem
1347 1003 1489 1050 quae-

86 1069 253 1113 stionis
280 1068 347 1112 ita
380 1069 564 1112 clarum
605 1069 690 1125 sit,
727 1076 782 1113 ut
800 1068 1044 1114 uberioris
1074 1070 1259 1130 probae
1292 1067 1371 1111 vix
1392 1083 1490 1110 am-

85 1149 212 1209 plius
245 1148 506 1193 necessitas
533 1148 720 1192 subesse
747 1147 988 1192 videatur.
1039 1148 1246 1209 Spiritus
1287 1147 1489 1209 benigni

87 1228 277 1273 urbarii
316 1229 467 1290 exigit
499 1228 811 1273 stabilitatem
843 1229 1024 1273 defixae
1055 1229 1340 1273 colonorum
1379 1245 1487 1272 con-

90 1308 319 1364 ditionis,
367 1326 538 1353 cursus
580 1317 742 1353 autem
797 1309 1174 1370 adjunctorum,
1225 1308 1487 1352 accedente

86 1388 328 1432 industria
355 1388 421 1432 ita
447 1395 752 1448 comparatus
785 1395 882 1444 est,
919 1396 969 1432 ut
997 1388 1354 1450 possessiones,
1379 1404 1490 1449 qua-

87 1484 201 1513 rum
223 1468 366 1513 initia
393 1468 656 1512 admodum
684 1468 856 1530 exigua
884 1469 1020 1513 fuere
1041 1502 1055 1524 ,
1091 1470 1143 1513 in
1178 1469 1407 1523 classem,
1442 1473 1489 1511 et

90 1564 357 1594 numerum
381 1549 677 1610 oppidorum
695 1582 708 1605 ,
745 1549 864 1592 haec
891 1556 1053 1593 autem
1075 1547 1278 1592 subinde
1303 1578 1316 1602 ,
1341 1552 1489 1608 prout

88 1627 397 1690 experientia
436 1629 605 1685 docet,
655 1634 906 1672 crescente
945 1635 992 1672 et
1039 1627 1390 1689 populatione,
1442 1632 1490 1670 et

88 1708 365 1752 intensioris
391 1708 659 1753 industriae
697 1708 926 1762 stimulo,
973 1724 1120 1768 penes
1158 1707 1488 1752 abundantem

93 1787 429 1833 subsistentiae
462 1788 744 1833 mediorum
775 1787 1132 1849 provisionem,
1183 1786 1234 1831 in
1276 1786 1486 1841 liberas,

89 1869 348 1933 regiasque
407 1870 622 1914 civitates
666 1871 847 1915 elevata
894 1868 1091 1913 fuerint.
1148 1866 1488 1914 Contractuale

89 1951 302 2014 proinde
350 1949 594 2011 majorum
632 1949 1017 2011 possessionum,
1085 1955 1168 1992 aut
1222 1947 1488 2009 oppidano-

89 2046 206 2077 rum
240 2039 642 2086 tractamentum,
678 2031 730 2074 in
753 2030 1053 2074 urbarialem
1082 2036 1226 2074 status
1255 2026 1488 2071 conditio-

92 2130 209 2158 nem
240 2119 568 2157 transmutare
588 2144 601 2167 ,
638 2110 924 2155 tantundem
950 2109 1074 2155 soret
1093 2143 1107 2166 ,
1144 2126 1196 2153 ac
1220 2116 1397 2152 sortem
1418 2106 1488 2150 in-
1525 2157 1530 2168 Ι

94 2194 313 2238 celarum
357 2190 555 2253 alicujus
599 2191 718 2246 loci,
773 2191 854 2252 qui
895 2189 1272 2235 eminentiorem
1308 2188 1405 2249 jam
1443 2193 1490 2230 et

93 2272 388 2328 industriae,
424 2279 472 2316 et
499 2271 834 2316 subsistentiae
861 2270 1068 2334 gradum
1101 2275 1378 2314 consecutus
1404 2272 1487 2321 est,
1515 2308 1517 2312 .

91 2351 318 2415 periculo
353 2352 620 2396 amissionis
646 2352 811 2397 labore
842 2385 855 2408 ,
903 2358 949 2395 et
993 2350 1171 2395 sudore
1206 2352 1488 2410 procurato-

95 2448 210 2477 rum
248 2433 600 2477 beneficiorum
655 2448 930 2494 exponere3
991 2430 1233 2492 processit
1284 2444 1339 2472 ex
1393 2426 1486 2469 hoc

93 2512 340 2575 principio
366 2511 465 2573 jam
494 2513 739 2558 occasione
776 2513 1081 2558 introductae
1121 2507 1376 2556 urbarialis
1413 2522 1488 2550 re-

97 2593 352 2655 gulationis
387 2593 741 2638 administratio
776 2593 1001 2655 publica3
1038 2598 1085 2636 et
1115 2588 1386 2653 generatim
1418 2586 1486 2629 lo-

99 2689 156 2718 ca
181 2673 503 2719 contractibus
531 2674 755 2734 provisa,
790 2689 880 2734 pro
918 2673 1102 2717 ratione
1133 2669 1363 2716 localium
1408 2665 1487 2708 ad-

98 2750 378 2811 junctorum
394 2787 407 2812 >
443 2754 494 2801 in
519 2771 611 2801 usu
634 2752 948 2801 conti-actuali
973 2752 1238 2800 admodum
1277 2747 1483 2814 provide
