1669 3189
670 182 1012 233 m468-m

158 299 494 362 similibusque
513 330 526 354 ,
563 308 682 356 quae
718 290 1183 348 desummebantur,
1209 291 1547 353 praestationia

160 383 279 437 hus,
316 397 407 443 per
445 375 676 435 benignas
722 371 1045 417 resolutiones
1080 372 1235 426 regias
1265 373 1548 436 ceteroquin

158 459 363 505 cassatis.

289 533 516 582 Normale
537 531 854 596 regulationis
885 537 1146 576 montanae
1182 530 1388 576 dominii
1411 531 1548 576 Cszik-

158 627 328 678 tornya
352 611 568 677 prodivit
597 630 722 658 anno
763 624 879 660 1771
908 611 969 657 ad
996 627 1145 657 nrum
1173 611 1266 657 aul.
1296 610 1553 668 959.unde

155 704 318 760 patet,
361 692 756 756 promontorium
797 692 888 736 hoc
924 692 1044 737 adeo
1073 692 1292 754 amplum
1320 707 1451 747 esse,
1494 697 1552 736 ub

160 778 208 822 in
234 773 539 837 longitudine
568 773 800 818 milliaria
826 772 938 827 tria,
957 771 1282 818 inlatitudine
1309 788 1425 818 vero
1449 772 1547 816 duo

156 854 392 900 milliaria
442 871 469 898 a
503 856 669 899 Dravo
705 869 854 915 unque
891 854 1090 898 Muram
1126 853 1176 897 in
1202 852 1443 914 superiori
1478 852 1551 898 in-

162 936 294 981 sulae
327 935 568 979 Murakfiz
596 939 737 995 parte
789 932 1024 977 situatum
1068 933 1455 995 complectatur,
1493 932 1552 976 in

163 1022 373 1079 quatuor
406 1013 662 1077 parochias
685 1029 777 1074 pro
817 1027 1068 1056 sacrorum
1101 1012 1549 1069 administratione,

158 1103 205 1141 et
248 1101 442 1158 septem
495 1101 747 1139 montanos
786 1090 1034 1137 districtus
1086 1091 1173 1136 suh
1223 1097 1431 1153 quatuor
1473 1108 1551 1137 ex-

157 1176 401 1222 actoribus
424 1173 546 1236 juris
582 1171 807 1218 montani
834 1169 1155 1222 subdivisum,

737 1291 860 1329 ART.
896 1292 971 1328 IX.

155 1375 235 1419 De
262 1373 663 1431 conscriptione
700 1377 751 1414 et
783 1371 1212 1431 investigatione
1234 1365 1550 1428 fizndorum

154 1440 664 1485 censualisticorum
678 1437 735 1479 in
750 1437 1082 1495 possessione
1094 1436 1340 1492 N-N-per
1364 1433 1552 1494 legale

225 1505 591 1551 testimonium
624 1507 850 1559 peracta
876 1534 890 1557 ‚
937 1501 1376 1559 process-ibasque
1401 1513 1483 1542 ea-

626 1573 782 1611 tenus
805 1568 1058 1628 agitatis.

286 1659 599 1721 Conscriptio
631 1659 751 1703 haec
782 1658 930 1704 habet
959 1657 1193 1704 rubricas.
1291 1671 1330 1705 1.
1370 1660 1548 1703 Nume-

155 1758 236 1787 rus
263 1741 465 1785 serialis,
532 1750 576 1786 2.
612 1738 822 1783 Nomina
851 1745 899 1782 et
926 1738 1247 1800 cognominae
1272 1737 1549 1785 incolarum

156 1822 560 1868 censualistarum
604 1818 935 1880 spectantium
978 1817 1040 1862 ad
1078 1818 1339 1864 dominum
1368 1819 1424 1865 N.
1504 1830 1547 1867 5.

155 1904 379 1966 Quorum
418 1905 588 1945 tenuta
629 1904 793 1943 extant
835 1896 888 1942 in
930 1898 1262 1959 possessione,
1308 1906 1355 1945 et
1398 1898 1551 1961 possi-

154 1980 333 2025 dentur
368 1994 456 2042 per
496 1976 820 2023 domesticum
848 1977 927 2024 vel
965 1985 1267 2025 extraneum.
1336 1984 1380 2027 4.
1429 1980 1551 2023 Ter-

151 2075 322 2103 rarum
345 2057 576 2103 arbilium
605 2074 696 2119 per
722 2056 906 2120 jugera.
978 2068 1020 2105 5.
1055 2059 1330 2105 Pratorum.
1401 2061 1446 2106 6.
1468 2060 1550 2104 Pa-

151 2145 397 2184 scetorum
431 2153 523 2200 per
552 2136 790 2183 falcastra.
875 2148 916 2184 Τ.
943 2137 1194 2199 Sylvarum
1233 2155 1326 2200 per
1359 2137 1547 2201 jugera.

155 2229 197 2267 8.
221 2219 601 2264 Palliseciorum.
639 2229 684 2274 9.
717 2220 752 2262 A
777 2217 950 2280 quibus
987 2235 1201 2264 annuum
1229 2234 1427 2264 censum
1460 2218 1550 2264 sol-

154 2284 286 2343 vunt.
363 2316 412 2343 α.
437 2299 491 2343 In
514 2305 681 2361 parata
697 2297 755 2345 ⁴ss.
784 2317 849 2331 ⁶*—
872 2316 939 2345 xr.
1019 2300 1068 2346 b.
1104 2300 1161 2343 In
1202 2301 1435 2355 vecturis,
1474 2298 1551 2344 vel

156 2377 323 2422 aratris
349 2400 414 2409 —-
441 2395 648 2423 numero
673 2386 760 2423 tot.
846 2396 887 2424 c.
907 2378 1287 2426 Laboratoribus
1315 2378 1550 2444 pedestri-

156 2463 245 2500 tus.
277 2473 383 2502 nro.
420 2465 504 2504 tot.
575 2458 625 2506 d.
657 2460 708 2502 In
748 2459 1062 2503 naturalibus.

290 2536 483 2583 1.Vini.
569 2550 613 2585 2.
651 2537 847 2584 Tritici.
941 2549 983 2587 3.
1023 2538 1189 2586 Millii.
1270 2546 1314 2589 4.
1347 2543 1540 2588 Avenae

160 2626 201 2662 5.
230 2608 495 2676 Caponum.
566 2621 610 2665 Γ).
636 2618 905 2664 Pullorum.

307 2705 378 2741 10.
416 2697 483 2739 Ex
528 2699 852 2757 productione
890 2699 1152 2751 literarum
1191 2700 1278 2747 sub
1309 2700 1543 2748 numeris,

165 2786 233 2824 1¹1.
271 2774 587 2837 Legitimatio
623 2778 925 2839 possessorii.
