1669 3189
711 199 781 210 m·
839 178 930 223 554
991 200 1061 212 ⁰-

188 307 248 349 in
294 301 543 365 origine
589 313 785 342 eorsum
811 296 1093 342 transmitti.
1128 298 1408 358 Appellatae
1437 298 1586 345 inter-

190 383 370 445 positio
434 396 529 423 non
592 377 842 423 constituit
903 375 1152 422 ulterioris
1201 378 1587 426 transmissionis

191 463 590 513 fundamentum,
633 459 746 521 quia
782 465 986 521 operata
1023 453 1242 501 formalis
1272 457 1398 501 sedis
1432 458 1588 505 domi-

189 543 247 587 lis
268 555 477 600 semper,
510 538 657 583 etiam
687 541 861 602 absque
894 538 1168 601 appellata,
1195 537 1586 600 sedriae—-pro,

191 635 350 666 cessus
391 624 557 662 autem
596 619 773 665 abhinc
812 635 902 682 pro
924 619 1114 664 ratione
1148 617 1375 663 substrati
1405 616 1588 662 altiori-

190 701 277 744 bus
315 698 430 744 locis
455 700 698 745 substerni
729 701 931 758 debent3
969 700 1085 762 quin
1119 696 1391 757 interjectio
1423 699 1588 760 appel-

194 782 316 824 latae
343 795 434 841 per
461 796 741 841 expressum
779 781 1055 827 necessaria
1084 779 1230 824 soret.
1266 777 1544 824 Notandum
1563 810 1580 834 ,

192 860 326 923 quod
359 860 632 905 assistentes
668 862 891 921 partibus
942 861 1039 906 suis
1091 860 1334 916 advocati,
1382 858 1435 904 in
1476 875 1589 921 pro-

189 958 349 997 ceSSU,
391 955 592 985 omnem
628 939 1054 996 moderationem,
1096 948 1144 984 et
1191 939 1469 984 decentiam
1517 945 1587 983 te-

191 1022 351 1078 stari,
399 1019 783 1065 cavillationibus
812 1052 826 1075 ,
866 1027 947 1064 aut
995 1020 1388 1082 sugillationibus
1444 1036 1586 1082 pror-

192 1120 268 1149 sus
317 1101 558 1146 abstinere
598 1099 834 1154 debeant,
885 1115 1046 1160 neque
1085 1115 1133 1143 se
1173 1114 1390 1159 unquam
1418 1098 1469 1142 in
1496 1114 1548 1143 ea
1576 1130 1593 1153 ‚

194 1199 316 1245 quae
346 1181 584 1226 meritum
625 1179 853 1224 substrati
897 1196 996 1224 non
1028 1176 1401 1241 ingrediuntur,
1437 1176 1592 1237 parti-

190 1279 274 1306 um
319 1260 534 1304 studiose
584 1258 874 1309 immittere,
908 1259 1035 1303 bene
1064 1273 1309 1302 memores
1333 1288 1347 1312 ,
1388 1262 1595 1299 caracte-

193 1356 303 1385 rem
349 1355 526 1394 suum,
563 1345 610 1384 et
655 1340 897 1383 honorem
937 1355 1080 1400 saepe
1117 1337 1167 1380 in
1197 1337 1415 1399 allegatis
1441 1336 1592 1381 conti-

196 1422 323 1476 neri,
360 1436 523 1483 quem,
560 1418 645 1463 ubi
672 1418 931 1479 sphaeram
965 1415 1299 1461 destinationis
1329 1432 1474 1472 suae,
1510 1415 1590 1460 ab·

195 1501 326 1563 repti
353 1501 517 1545 nesors
551 1497 853 1559 passionibus
895 1497 1162 1550 excedunt,
1198 1511 1296 1538 non
1333 1512 1446 1540 raro
1473 1511 1587 1540 cum

190 1582 463 1628 eorundem
521 1578 739 1642 graviori
784 1576 1007 1638 periculo
1057 1575 1288 1636 vapulare
1340 1575 1591 1637 contingit.

193 1663 248 1707 Id
294 1669 454 1706 autem
488 1659 747 1720 utriusque
785 1652 934 1718 partis
971 1661 1314 1718 procuratores
1347 1654 1445 1715 jam
1468 1672 1493 1699 e
1519 1671 1594 1699 re-

194 1749 361 1803 spectu
393 1740 541 1784 officii
572 1739 682 1794 sui,
722 1745 770 1781 et
808 1736 936 1781 illius
958 1736 1197 1791 fiduciae,
1236 1751 1357 1795 quae
1386 1734 1437 1780 in
1466 1735 1590 1796 ipsis

192 1825 409 1878 locatur,
447 1837 505 1865 eo
531 1819 792 1882 praecipue
844 1817 1133 1872 intendant,
1166 1822 1221 1860 ut
1249 1813 1466 1878 partibus
1494 1815 1592 1860 suis

191 1903 416 1965 integre,
463 1902 676 1956 sincere,
738 1905 786 1942 et
835 1914 893 1941 eo
938 1896 1130 1953 studio,
1178 1897 1314 1959 quasi
1343 1913 1450 1941 rem
1479 1913 1593 1960 pro-

187 1986 350 2050 priam
381 1987 824 2046 prosequerentur,
874 1978 1104 2023 continuo
1152 1979 1396 2034 assistant,
1442 1994 1592 2040 usque

195 2069 312 2112 dum
342 2081 458 2110 cura
485 2064 688 2107 illorum
715 2076 972 2122 processus
992 2058 1138 2104 fuerit
1171 2059 1374 2103 decisus.
1408 2057 1593 2104 Rescis-

196 2147 256 2192 sis
283 2147 528 2200 omnibus,
566 2159 690 2206 quae
728 2141 944 2204 illegales
971 2147 1106 2196 sunt,
1142 2137 1551 2201 protelationibus
1570 2170 1587 2195 ,

194 2229 291 2274 fine
320 2227 470 2273 etiam
497 2242 555 2270 eo
575 2258 587 2280 ,
622 2241 682 2269 ne
704 2221 886 2282 judicio
913 2221 1105 2283 ingrata
1143 2221 1397 2265 necessitas
1434 2219 1591 2281 impo-

195 2316 338 2352 natur
364 2305 612 2351 ulterioris
640 2302 945 2357 adm-sionis,
995 2300 1324 2345 inductionem
1360 2299 1593 2346 inducen-

195 2388 371 2435 dorum
395 2388 703 2431 admaturent
728 2416 741 2441 ,
783 2383 1097 2445 pretiumque
1137 2382 1458 2443 allegatorum
1492 2398 1592 2427 non

197 2484 224 2509 a
246 2467 410 2511 multis
445 2465 638 2522 verbis,
678 2480 799 2526 quae
831 2462 1016 2524 judices
1043 2460 1262 2524 fatigant,
1301 2467 1369 2505 ast·
1406 2478 1433 2505 a
1458 2460 1592 2505 strie-
1645 2463 1648 2466 “

197 2553 265 2601 to,
291 2554 336 2588 et
367 2545 578 2590 evidenti
611 2543 981 2590 combinationis
1016 2542 1299 2602 complexu,
1323 2548 1464 2603 atque
1489 2556 1591 2585 suc-

200 2626 370 2682 cincta,
386 2634 430 2670 et
444 2626 672 2690 energica
687 2623 1037 2688 propositionis
1053 2623 1337 2668 modalitate
1350 2627 1591 2685 repetant.
1637 2612 1642 2617 .

328 2704 528 2765 Objecta
554 2707 820 2754 urbarialia
861 2723 887 2750 a
919 2704 1035 2750 foris
1068 2704 1302 2766 pedan‘eis
1331 2701 1587 2748 altioribus

195 2787 315 2833 locis
348 2788 609 2844 substrata,
670 2805 836 2835 coram
871 2787 1058 2836 excelso
1089 2785 1297 2832 Consilio
1338 2781 1476 2846 regio
1514 2782 1586 2827 lo-
