1669 3189
687 150 758 160 ιω-
815 129 898 169 636
960 150 1029 161 u·-

146 239 351 291 dc-ntur,
397 238 621 282 locorum
672 233 860 294 judices
899 234 1142 296 ejusmodi
1185 242 1416 298 pecunias
1454 241 1540 287 sub

145 333 292 360 onere
327 317 606 360 dandarum
633 330 744 359 cum
768 314 862 360 fine
892 315 1006 359 anni
1035 314 1182 360 modo
1211 318 1542 377 praedeclara-

146 402 194 437 to
228 396 478 439 rationum
509 394 569 438 ad
594 409 762 439 manus
801 409 908 438 suas
958 394 1237 455 recipiant,
1274 402 1323 441 et
1354 396 1414 442 iis
1439 399 1541 460 qui-

146 475 236 519 bus
275 475 534 534 competit,
573 476 824 531 exolvant,
860 474 1094 520 officiales
1116 492 1230 520 vero
1262 476 1538 523 dominales

148 556 207 598 ad
247 555 449 597 illarum
485 554 780 601 levationem
815 571 864 600 se
893 571 992 600 non
1026 555 1256 601 imittant.

219 687 405 749 Quoad
431 687 780 745 pandat-ones
811 688 1054 748 qualiter
1080 685 1478 745 providendos:

276 789 347 828 18.
383 780 696 825 Pandurones
725 780 996 827 dominales
1029 781 1306 827 nullatenus
1341 796 1432 842 per
1464 797 1537 826 co-

142 860 292 914 lonos,
321 860 407 921 sed
434 860 562 920 ipsos
593 859 820 904 dominos
853 866 1136 917 tevrestres,
1174 877 1385 922 quorum
1403 876 1537 905 nern-

139 955 202 1001 pe
246 940 372 984 servi
426 947 536 984 sunt
565 973 579 995 ,
629 940 874 985 solvantur
902 971 916 994 ,
969 940 1100 1001 quod.
1137 939 1177 984 si
1233 957 1382 1002 porro
1417 942 1539 987 ratio

137 1018 365 1080 publicae
391 1019 760 1081 tranquillitatis
802 1017 1044 1078 majorem
1068 1019 1419 1081 panduronum
1451 1038 1538 1074 nu-

138 1116 333 1145 merum
373 1100 604 1162 requirit,
664 1100 783 1145 tales
827 1115 917 1160 per
958 1100 1301 1161 magistratum
1343 1100 1541 1148 comita..

139 1187 327 1226 tensem
353 1180 733 1235 constituantur,
780 1178 1215 1241 stipendiisque-ex
1247 1196 1374 1226 cassa
1395 1179 1538 1242 hujus

141 1262 402 1307 domestica
431 1261 800 1324 provideantur.
868 1259 1078 1306 Praesati
1109 1278 1259 1325 porro
1293 1261 1538 1324 panduro-

140 1358 257 1397 nes,
296 1341 413 1386 dum
450 1343 547 1388 sive
588 1343 639 1387 in
668 1340 1029 1398 dominalibus,
1064 1358 1150 1386 seu
1188 1342 1297 1387 aliis
1333 1339 1539 1404 negotiis

139 1421 191 1465 in
226 1438 373 1484 pagos
419 1423 833 1484 proficiscuntur,
874 1440 900 1467 a
945 1422 1330 1484 possessionibus
1373 1429 1420 1466 et
1467 1437 1538 1466 co-

139 1501 262 1547 lonis
288 1502 501 1557 victum,
530 1511 732 1564 potum,
768 1510 1022 1558 vecturas,
1066 1510 1113 1546 et
1149 1503 1243 1546 alia
1281 1500 1423 1560 hujus
1459 1517 1539 1563 ge-

137 1581 269 1625 neris
301 1582 615 1626 desummere
636 1615 649 1637 ,
685 1582 820 1626 nulla
856 1581 1046 1626 ratione
1075 1580 1263 1636 ausint,
1306 1580 1359 1624 in
1387 1587 1536 1626 trans-

127 1669 375 1721 gressores
419 1676 536 1706 vero
576 1659 857 1704 dominium
904 1659 1184 1702 terrestrale
1223 1673 1313 1718 per
1359 1673 1534 1719 procu·

136 1741 345 1784 randam
393 1740 748 1785 instantaneam
789 1736 1034 1798 desumpti
1064 1733 1370 1783 refusionem
1405 1736 1536 1783 insu-

131 1838 223 1882 per
255 1835 422 1866 severe
456 1816 830 1864 animadvertat.

523 1951 686 1996 Taxa
717 1952 1156 1995 z‘narestatiom·s.

265 2057 337 2103 19.
372 2046 439 2091 Ab
467 2042 743 2089 inarestatis
763 2076 777 2100 ,
816 2043 894 2089 vel
920 2042 982 2087 ad
1026 2043 1226 2105 cippum
1256 2039 1427 2104 positis
1459 2040 1531 2086 ni-

130 2128 201 2172 hil
241 2127 292 2172 in
340 2126 564 2172 futurum
608 2125 858 2188 exigatur,
906 2125 946 2170 si
981 2131 1146 2170 tamen
1177 2124 1228 2169 in
1258 2123 1528 2186 majoribus

133 2208 406 2253 excessibus
447 2206 744 2269 deprehensi
782 2206 833 2252 in
871 2205 1131 2267 compedes
1168 2201 1529 2264 conjiciuntur,

133 2288 192 2332 ab
244 2288 317 2333 his
366 2297 619 2350 tempore,
677 2304 771 2349 quo
807 2302 864 2331 ex
898 2283 1214 2347 compedibus
1236 2284 1489 2329 solvuntur
1511 2316 1526 2339 ,

139 2378 194 2415 12
223 2370 377 2413 solum
405 2370 553 2415 modo
581 2386 623 2414 x.
652 2365 1045 2430 panduronibus,
1081 2372 1128 2410 et
1166 2364 1285 2410 salro
1325 2363 1526 2410 insimul

131 2448 350 2494 cedentes
377 2450 767 2494 desummantur.

598 2564 665 2606 In
674 2562 1033 2621 vagiationes.

258 2662 333 2698 20.
375 2653 420 2697 Si
459 2670 638 2715 pecora
672 2661 721 2698 et
776 2653 987 2715 pecudes
1026 2653 1077 2697 in
1123 2650 1311 2696 damnis
1359 2665 1524 2711 reper-

124 2739 200 2777 tae
237 2732 585 2794 impellantur,
643 2735 878 2780 damnum
927 2734 1055 2778 illico
1086 2750 1175 2796 per
1216 2731 1399 2793 judices
1442 2745 1523 2790 pa·

124 2827 293 2873 genses
338 2812 701 2872 aestimandum
757 2814 1089 2871 refundatur,
1155 2819 1200 2859 et
1258 2811 1456 2872 insuper
1497 2825 1523 2856 a

1664 971 1669 1084 1

1664 1090 1669 1112 1
