1669 3189
716 204 787 217 κω·
842 183 927 232 524
982 204 1052 216 ...-

183 296 453 340 dinationes
479 296 530 339 in
563 289 860 337 beneficium
884 289 1032 351 ipsius
1076 289 1345 336 subditelae
1381 291 1433 336 in
1478 284 1570 336 sta-

181 377 331 422 bilem
369 375 736 433 facilioremque
763 368 978 431 ejusdem
1007 369 1364 415 sustentationis
1404 368 1570 415 condi-

181 455 371 500 tionem
402 449 654 494 manifeste
682 448 895 495 directae
925 449 1153 495 continuo
1182 447 1440 495 extiterint.

312 537 357 577 b.
385 532 523 594 Quod
540 532 583 576 b.
612 531 870 577 urbarialis
887 529 1128 593 regulatio
1158 528 1423 592 quemlibet
1442 529 1568 594 colof

174 630 349 659 norum
365 612 888 674 contraoppressiones
915 618 964 655 et
991 610 1191 673 injurias
1204 625 1435 654 securum
1457 607 1568 652 red-

180 696 276 750 dat,
312 711 363 737 ac
384 695 582 739 modum
609 692 920 740 exhibitionis
938 700 984 737 et
1011 692 1405 754 pertractationis
1434 706 1575 753 prae·

182 774 466 838 graviorum
499 775 676 820 diserte
703 783 750 820 et
775 791 867 837 per
896 790 1176 835 expressum
1198 773 1404 835 defigat,
1438 787 1576 833 sepo-

183 857 283 901 sitis
310 857 495 901 cunctis
516 856 883 910 nonnullorum,
907 854 994 916 qui
1019 853 1371 915 speculationes
1390 850 1575 911 iniquas

184 937 288 980 loco
303 944 581 998 praetensae
609 934 850 978 mercedis
877 933 927 978 in
943 932 1259 978 substantiam
1288 932 1578 975 colonorum

191 1017 368 1063 sudore
407 1022 600 1078 partam
633 1015 784 1077 impie
847 1020 1112 1068 exercent,
1160 1008 1578 1078 susssaniinationi-

186 1096 274 1141 bus
305 1097 450 1159 legali
477 1114 671 1159 semper
695 1113 883 1158 poenae
911 1093 1149 1140 obnoxiis.

317 1194 359 1222 c.
373 1180 512 1241 Quod
530 1194 698 1222 omnes
716 1176 1128 1222 communitatum
1142 1173 1487 1234 deputatorum
1504 1186 1580 1215 ex-

188 1259 440 1303 missiones
462 1292 474 1314 ‚
528 1275 649 1320 quae
689 1258 964 1303 nullatenus
999 1255 1303 1301 necessariae
1339 1260 1477 1308 sunt,
1515 1249 1580 1298 ef-

187 1337 370 1383 fectum
395 1338 697 1384 desideratae
721 1339 1058 1383 instantaneae
1078 1334 1334 1382 decisionis
1363 1334 1473 1378 ideo
1500 1332 1583 1376 ob-

191 1420 348 1465 tinere
376 1438 628 1483 nunquam
658 1419 863 1483 possint,
900 1418 1010 1480 quia
1034 1418 1224 1462 idmodi
1270 1415 1582 1478 querelarum

188 1501 436 1561 ‘objecta-a
468 1502 623 1546 defixo
656 1500 904 1545 officiosae
925 1506 972 1542 et
991 1497 1160 1559 legalis
1187 1496 1586 1558 pertractationis

196 1581 463 1625 eorundem
489 1580 685 1625 tramite
713 1580 985 1625 nullatenus
1012 1577 1256 1632 abstrahi,
1294 1585 1340 1621 et
1368 1575 1583 1621 derivari

198 1667 409 1723 queant3
474 1660 559 1705 sed
602 1660 662 1705 ad
697 1660 1004 1704 ordinarium
1029 1693 1042 1715 ,
1100 1659 1181 1721 qui
1229 1657 1464 1703 stabilitus
1515 1662 1585 1700 est

197 1757 392 1786 cursum
409 1773 422 1797 ‚
460 1741 517 1785 de
543 1740 844 1802 praescripto
876 1739 1115 1782 reinviari
1140 1771 1152 1793 ‚
1189 1744 1235 1781 et
1260 1753 1351 1798 per
1385 1735 1490 1782 sora
1513 1751 1588 1779 re-

200 1821 415 1883 spectiva
452 1820 733 1883 graduatim
773 1835 865 1880 pro
906 1825 1159 1879 comperto
1205 1815 1267 1860 ad
1295 1822 1514 1860 mentem
1541 1817 1585 1861 h.

198 1900 390 1946 urbarii
434 1900 594 1945 decidi
626 1899 861 1953 debeant,
918 1913 975 1942 eo
1017 1913 1216 1958 semper
1241 1902 1446 1958 paterna
1473 1912 1587 1942 suae

199 1979 462 2041 lssajcstatis
487 1978 838 2024 sacratissimae
863 1977 1141 2040 provisione
1171 1978 1367 2034 directa,
1396 1986 1449 2023 ut
1477 1995 1590 2041 que-

199 2060 473 2106 rulantibus
513 2077 608 2122 quo
647 2059 758 2103 fieri
785 2065 945 2121 potest
964 2092 978 2115 ,
1019 2058 1226 2102 celerius
1256 2076 1340 2103 suo
1368 2059 1515 2104 modo
1541 2066 1590 2105 et

203 2143 377 2187 ordine
404 2140 587 2202 justitia
611 2140 771 2186 debite
799 2140 1184 2185 administretur.

335 2224 378 2271 d,
414 2222 589 2267 Adesse
629 2227 792 2265 autem
820 2220 1187 2282 praescriptam,
1215 2237 1336 2282 quae
1359 2220 1592 2264 intertur-

211 2303 319 2347 bari
344 2302 530 2365 nequit,
547 2301 694 2358 viam,
729 2307 784 2345 ut
801 2299 1172 2344 communitates
1198 2300 1249 2343 in
1279 2317 1458 2358 casum,
1496 2319 1588 2363 quo

207 2383 515 2445 gradualium
561 2381 787 2426 fororum
835 2380 994 2425 deciso
1035 2397 1135 2424 non
1163 2388 1419 2426 contentae
1442 2388 1586 2438 sunt,

205 2470 283 2505 aut
318 2461 475 2507 coloni
505 2463 631 2524 ipsi,
668 2461 842 2524 quibus
884 2461 935 2505 in
973 2460 1133 2522 specie
1168 2460 1342 2506 obtutu
1372 2462 1590 2523 querela‹

205 2558 316 2586 rum
357 2559 556 2587 suarum
597 2542 669 2604 jus
709 2559 804 2586 non
829 2541 989 2586 debite
1025 2541 1212 2586 dictum
1244 2557 1342 2586 esse
1373 2557 1588 2587 censere-

203 2629 285 2665 tur
301 2655 312 2677 ,
336 2623 385 2665 in
409 2624 656 2683 ponendas
700 2623 923 2686 querelas
949 2621 1386 2667 condescenderent
1407 2655 1420 2678 ,
1457 2621 1586 2682 apud

203 2703 515 2749 constitutum
554 2722 611 2749 ex
654 2704 811 2749 officio
864 2702 1278 2748 contribuentium
1333 2708 1586 2764 agentem,

204 2785 531 2834 mediantibus
567 2786 751 2841 literis,
806 2785 880 2830 vel
914 2801 1133 2830 recursus
1159 2799 1322 2828 coram
1354 2784 1586 2847 respecti-
