1669 3189
708 199 1048 241 ···-358·ω

195 315 388 358 colonus
417 311 522 373 cogi
562 325 653 353 non
680 306 859 367 possit,
897 303 1065 365 quodsi
1094 310 1255 348 tamen
1282 319 1366 348 seu
1394 309 1580 364 tempo-

193 408 372 442 ranea,
423 406 508 433 seu
544 403 656 431 vero
696 392 935 447 perpetua
961 384 1278 427 conventione
1316 385 1374 428 de
1404 384 1582 428 harum

195 470 531 530 redemptione
578 481 688 508 cum
731 465 930 509 domino
973 463 1191 507 terrestri
1221 469 1416 522 pactare
1450 463 1583 518 velit,

196 550 246 595 id
276 549 471 610 quidem
503 551 757 606 praesente
785 543 1042 588 comitatus
1081 539 1366 586 testimonio
1391 543 1585 588 licitum

199 637 318 683 esto,
357 627 402 671 in
427 623 585 687 priori
610 623 931 669 nihilominus
960 639 1086 677 casu,
1136 622 1172 666 si
1202 620 1417 682 partium
1447 604 1588 666 alter-

197 716 308 754 utra
338 723 361 750 a
386 713 706 766 temporaneo
736 703 820 748 illo
852 711 1108 748 contractu
1133 701 1385 758 recedere,
1424 701 1593 746 huicce

201 786 438 832 urbariali
474 785 768 848 regulationi
818 785 1075 830 inhaerere
1110 783 1277 838 vellet,
1335 782 1388 826 id
1427 782 1590 843 ipsum
1653 842 1655 846 Α

203 884 300 912 uno
326 881 453 910 anno
481 865 642 926 prius,
680 872 731 909 ut
763 865 831 909 ita
853 865 1044 910 suturae
1075 864 1395 909 oeconomiae
1415 861 1591 905 utrius-

204 962 296 1008 que
325 946 374 990 in
402 952 627 1006 tempore
659 945 871 1006 prospici
901 945 1078 1007 possit,
1116 943 1387 999 declarari,
1445 948 1492 986 et
1517 957 1590 986 co-

202 1043 308 1070 ram
337 1025 575 1071 comitatu
598 1026 838 1070 insinuari
869 1027 1083 1076 debebit.

337 1107 374 1166 §.
409 1120 479 1154 11.
518 1109 698 1152 Omnes
730 1115 1019 1162 contractus,
1067 1125 1150 1153 seu
1175 1106 1456 1169 singillatim
1485 1119 1595 1148 cum

204 1187 411 1241 colonis,
477 1205 562 1232 seu
596 1204 712 1231 vero
754 1204 863 1231 cum
899 1186 1012 1247 ipsis
1051 1185 1481 1231 communitatibus
1503 1199 1592 1244 per

203 1266 454 1309 dominum
506 1272 795 1307 terrestrem
841 1265 899 1305 de
945 1264 1206 1306 reluitione
1266 1264 1593 1317 robottarum,

204 1343 508 1402 aliarumque
569 1339 956 1401 praestationum
1010 1341 1336 1387 urbm-talium
1391 1340 1597 1386 ineundi

201 1422 319 1465 fiant
359 1436 523 1463 coram
569 1425 791 1462 consueto
830 1418 1086 1462 comitatus
1138 1420 1448 1476 testimonio,
1495 1437 1598 1464 exa-

203 1500 512 1545 rendationes
578 1495 896 1541 nihilominus
946 1499 1222 1559 regalium,
1285 1499 1595 1561 aliorumque

205 1578 555 1624 beneficiorum
590 1577 938 1632 dominalium,
1005 1585 1050 1620 et
1081 1595 1226 1639 super
1256 1579 1362 1633 his,
1416 1578 1608 1623 ceteris-

211 1675 302 1721 que
346 1660 404 1702 ad
443 1657 695 1702 urbarium
736 1655 864 1698 haud
898 1654 1214 1701 influentibus
1242 1655 1442 1715 objectis
1466 1659 1598 1704 inter

209 1740 405 1783 colonos
435 1745 480 1782 et
516 1735 772 1781 dominum
807 1743 1095 1781 terrestrem
1130 1754 1241 1781 cum
1276 1736 1502 1782 libertate
1525 1739 1597 1782 in-
1645 1781 1651 1787 ,

210 1818 362 1863 eundi
389 1824 689 1872 contractus,
734 1817 913 1878 absque
962 1818 1113 1861 etiam
1141 1816 1424 1862 testimonio
1457 1819 1606 1863 corni-
1664 1845 1665 1848 =

210 1907 334 1944 tatus
357 1899 483 1944 licite
511 1914 705 1959 semper
728 1899 980 1960 valideque
1007 1898 1125 1942 iniri
1148 1905 1392 1959 poterunt.

344 1979 383 2038 ᾗ.
412 1990 485 2028 12.
524 1980 718 2022 Praeter
745 1985 792 2022 et
824 1979 951 2022 ultra
979 1977 1251 2022 ordinarias
1280 1979 1498 2022 rohottas
1526 1989 1613 2041 cos

210 2060 310 2105 loni
355 2058 559 2120 singulis
596 2059 727 2102 annis
762 2075 909 2103 unam
943 2059 1138 2119 longam
1175 2062 1425 2101 vecturam
1462 2073 1600 2119 prae..

211 2147 337 2186 stare
386 2146 669 2196 teneantur,
747 2140 872 2184 circa
927 2155 1073 2200 quam
1124 2139 1242 2183 haec
1300 2138 1599 2183 observanda

213 2227 386 2265 erunt:

353 2312 392 2346 1.
429 2307 482 2343 ut
522 2307 728 2362 qua-tuor
756 2301 972 2363 integrae
1006 2299 1265 2356 sessiones,
1310 2307 1451 2362 atque
1478 2300 1544 2344 ita
1569 2316 1596 2344 a

215 2380 534 2440 proportione
576 2381 780 2425 minoris
837 2381 994 2425 classis
1033 2381 1194 2427 coloni
1239 2379 1596 2441 conjungendo,

219 2461 290 2506 vel
332 2461 637 2517 modalimte,
701 2478 795 2522 qua
835 2462 927 2522 ipsi
987 2461 1117 2506 inter
1176 2477 1224 2505 se
1263 2460 1591 2515 convenerint,

221 2558 376 2585 unum
405 2543 754 2606 quadrijugum
776 2559 973 2587 currum
1012 2549 1278 2604 praestent.

348 2633 390 2668 2.
427 2629 478 2665 ut
514 2623 631 2667 haec
669 2640 765 2669 non
801 2624 1040 2684 corruptis
1075 2623 1195 2679 viis,
1244 2621 1500 2668 commodo
1524 2621 1600 2666 iti-

222 2717 341 2746 nere
366 2709 645 2763 peragatur,
673 2719 831 2765 neque
867 2703 1076 2748 duarum
1104 2703 1296 2750 dierum
1322 2702 1598 2751 distantiam

222 2780 465 2826 ordinario
489 2798 627 2826 cursu
651 2784 810 2828 eundo
836 2783 1043 2832 excedat.
