1669 3189
698 185 1042 227 ..m506-a

168 297 458 359 reliquerat.
527 290 877 339 Necessitatem
920 288 1139 350 ejusdem
1168 289 1409 352 principii
1453 290 1562 352 ipsa

169 376 387 422 dominia
447 370 744 417 terrestralia
794 371 1014 433 perbene
1057 369 1157 431 jam
1207 371 1563 433 antiquioribus

168 454 474 518 temporibus
525 457 828 512 agnoverunt
848 482 861 506 ‚
926 449 1113 510 hocque
1165 457 1308 511 pacto
1367 468 1565 514 genera-

167 538 258 581 tim
295 536 344 579 in
375 531 626 595 Hungaria
651 531 833 576 factum
858 538 953 586 est,
1002 537 1055 575 ut
1096 530 1210 574 talia
1237 531 1348 576 loca
1367 564 1382 587 ‚
1412 549 1565 594 porro

169 629 362 678 quoque
388 612 777 662 conti-actualiter
805 611 1058 656 tractanda
1084 609 1422 673 disposuerint.
1481 614 1569 658 Cu-

163 695 239 756 jus
273 692 441 737 meriti
464 691 585 738 ratio
608 699 660 736 ut
684 691 882 736 uberius
915 699 1154 752 patescat,
1189 690 1380 754 juvabit
1421 707 1568 754 prae,

163 781 259 830 ter,
296 779 345 817 et
370 772 499 818 ultra
525 773 663 828 haec,
689 772 941 834 sequentia
965 772 1123 816 adhuc
1154 787 1565 821 commemorare.

298 854 412 898 Nro.
443 854 538 898 aul.
567 864 708 908 5909.
733 864 871 900 1771.
910 851 981 896 Ex
1003 851 1238 896 urbariali
1260 853 1563 916 regulatione

167 932 428 978 comitatus
452 932 723 977 Trenchin.

294 1014 544 1076 Oppidum
579 1012 688 1074 Raj
709 1028 817 1057 ecz
851 1011 999 1057 hahet
1041 1018 1346 1059 contractum
1382 1014 1548 1059 Tui-zo

163 1094 335 1159 janum
359 1129 372 1152 ‚
395 1120 460 1127 -—
494 1091 734 1157 oppidum
760 1093 861 1137 Bit
879 1110 898 1137 s
914 1109 939 1137 e
980 1093 1169 1137 nullum
1187 1108 1200 1149 3
1217 1117 1283 1125 ——
1333 1093 1570 1156 oppidani

161 1177 271 1222 Hisz
293 1193 406 1221 ucza
429 1175 762 1236 Ujhelyienses
790 1172 975 1236 provisi
995 1180 1249 1218 contractu
1287 1172 1401 1218 anni
1431 1177 1570 1222 1604.

170 1255 424 1316 Oppidum
457 1257 530 1299 Pr
548 1255 618 1300 ed
634 1272 682 1299 m
701 1256 726 1300 e
743 1272 768 1298 r
796 1261 1046 1299 contractu
1078 1254 1191 1299 anni
1220 1257 1359 1302 1648.
1382 1279 1448 1286 —
1478 1253 1574 1316 Op-

158 1337 337 1400 pidum
369 1336 554 1382 Solna
587 1334 862 1398 privilegiis
900 1340 946 1379 et
973 1340 1227 1378 contractu
1267 1349 1393 1380 anno
1449 1338 1569 1391 1691

159 1423 410 1473 emanato‚
434 1432 587 1478 eoque
612 1414 870 1478 perennali
896 1414 1153 1476 provisum
1183 1419 1272 1470 est,
1303 1432 1401 1477 quo
1435 1432 1574 1478 prae-

162 1505 238 1544 ter
269 1497 617 1560 pecuniarium
641 1512 834 1541 censum
860 1495 1021 1539 nullos
1046 1496 1241 1540 labores
1268 1501 1498 1556 praestat,
1524 1500 1574 1541 et

162 1577 214 1622 in
240 1576 628 1639 privilegialium
652 1575 1010 1620 beneficiorum
1037 1591 1126 1619 usu
1157 1572 1416 1621 stabilitur.

293 1656 547 1718 Oppidum
579 1657 660 1699 Va
681 1655 786 1699 rin
820 1661 1130 1699 contractum
1159 1673 1186 1700 a
1212 1655 1425 1701 Palatino
1460 1657 1572 1701 Ves-

153 1736 348 1797 selenyi
385 1737 445 1782 de
481 1753 608 1781 anno
645 1738 783 1783 1666.
806 1736 982 1790 habet,
1039 1742 1087 1779 et
1135 1735 1440 1780 decisionem
1493 1751 1569 1779 cu.

160 1815 354 1860 rialem.

286 1878 550 1957 ⁸Oppidum
573 1895 651 1939 Le
665 1894 736 1937 dn
753 1894 806 1937 ic
826 1910 850 1937 z
866 1908 891 1937 e
915 1892 1108 1939 nullum
1143 1901 1462 1953 contractum,
1478 1897 1565 1944 sed

162 1991 214 2019 se
241 1974 397 2020 libere
435 1973 743 2037 migrationis
797 1973 1080 2032 declarant3
1134 1982 1287 2035 prout
1326 1978 1565 2040 oppidum

162 2054 198 2100 P
216 2073 246 2099 u
258 2073 279 2099 c
295 2056 326 2099 h
338 2072 379 2101 ο.

291 2135 542 2197 Oppidum
584 2135 788 2180 Illava
827 2141 1132 2181 contractum
1165 2135 1226 2180 de
1263 2151 1388 2182 anno
1415 2141 1554 2187 1685.

162 2198 310 2275 prtiut
337 2222 384 2259 et
409 2217 647 2261 Bellus.

297 2297 588 2341 Dominium
615 2296 690 2341 Be
709 2312 731 2339 c
747 2313 771 2339 z
789 2296 861 2340 κο
893 2295 1098 2341 nullum.

298 2377 553 2438 Oppidum
582 2377 620 2420 Β
639 2391 664 2419 a
680 2391 706 2418 a
728 2394 758 2420 n
785 2374 1159 2421 Illeshazianum
1186 2382 1487 2423 contractum
1505 2377 1564 2424 de

167 2459 306 2504 1655.
349 2465 395 2502 et
424 2457 805 2519 privilegiorum
833 2462 1159 2518 transumpta.

289 2537 470 2582 Posse
492 2538 617 2582 ssio
683 2537 764 2581 Ne
787 2551 914 2580 mes
986 2536 1358 2600 Podhragy=
1439 2538 1564 2583 Cum

163 2616 404 2674 possessio
432 2617 552 2662 haec
589 2615 866 2662 nobilitaris
897 2632 989 2678 pro
1032 2617 1141 2661 loco
1185 2617 1359 2663 curiali
1399 2615 1565 2662 habita

160 2710 320 2755 prope
340 2701 365 2742 4
394 2697 580 2742 saecula.
604 2697 655 2742 in
681 2697 1022 2761 praerogativa
1043 2697 1241 2743 curialis
1262 2692 1560 2742 constitutivi

156 2774 419 2833 consistat,
459 2782 505 2820 et
533 2776 859 2825 mediantibus
887 2777 1226 2825 collationibus
1254 2775 1402 2840 regiis
1449 2772 1562 2822 cen-
