1669 3189
696 201 766 211 m...
823 177 907 225 384
967 197 1036 209 m..

195 282 571 328 circmnstantiis
598 282 647 324 in
677 278 974 324 executionis
1009 278 1247 324 relatione
1288 280 1503 342 genuine
1533 285 1583 324 et

191 360 661 406 circumstantialiter
697 367 981 420 exponatur.
1018 359 1157 404 Unde
1184 361 1401 420 sequitur

324 453 398 488 20.
438 438 580 501 Quod
618 446 906 498 exequentes
936 438 1323 500 magistratuales
1351 441 1399 485 in
1431 441 1583 486 omni-

189 520 278 565 }Jus
302 529 348 564 et
379 515 583 578 singulis
610 518 902 579 peragendis
934 517 1265 563 urbarialibus
1293 519 1584 564 executioni-

194 600 283 643 bus
309 600 366 641 de
393 603 490 640 tota
511 594 585 639 rei
611 603 772 658 gestae
797 597 948 653 serie,
999 605 1097 642 tam
1121 595 1403 642 comissario
1428 599 1583 661 regio,

191 695 333 742 quam
369 675 623 721 comitatui
663 678 925 739 genuinam
954 685 1001 721 et
1025 677 1487 723 circumstantialem
1512 694 1587 723 re-

187 760 422 803 lationem
472 759 659 814 facere,
716 759 905 821 ipsique
956 760 1208 804 comitatui
1261 776 1355 804 non
1398 767 1586 804 tantum

189 837 500 882 subditorum
537 837 766 884 fassiones
802 856 950 900 super
974 851 1000 895 9
1034 838 1224 901 punctis
1267 838 1588 900 interrogato-

189 916 275 961 riis
298 918 347 961 in
373 919 631 981 originali,
667 935 840 963 verum
871 921 1017 964 etiam
1035 920 1321 974 urbm-ium,
1358 927 1404 963 et
1443 920 1590 964 tabel-

196 998 296 1041 lam
312 1000 611 1044 urbarialem
637 1000 685 1044 in
714 1000 1052 1062 quadruplici,
1089 1001 1236 1044 aliam
1258 1014 1374 1043 vero
1400 1000 1447 1044 in
1471 1000 1578 1061 ipso

188 1079 389 1123 urhario
426 1080 706 1125 denotatam
730 1082 1004 1141 specificam
1051 1082 1170 1143 juris
1216 1081 1438 1126 montani
1477 1080 1588 1130 (uhi

186 1158 312 1202 illud
344 1159 509 1209 datur)
553 1162 967 1204 connotationem.
998 1161 1047 1204 in
1087 1159 1271 1222 triplici
1316 1158 1588 1220 exemplari

186 1241 284 1283 fine
332 1238 638 1282 necessariae
676 1238 1107 1282 authenticationis
1159 1247 1475 1299 praesentare
1513 1237 1591 1283 de-

187 1319 335 1363 beant
361 1351 373 1373 ‚
409 1334 607 1362 omnem
632 1335 832 1379 operam
873 1318 1176 1373 adhibituri,
1226 1336 1318 1380 quo
1349 1319 1457 1364 talis
1489 1335 1592 1365 exe-

193 1400 322 1444 cutio
343 1398 606 1441 urbarialis
632 1396 682 1441 in
710 1413 829 1458 pace
851 1404 897 1441 et
926 1396 1276 1457 tranquillitate
1303 1413 1457 1460 eaque
1480 1414 1591 1443 cum

189 1478 519 1525 exactitudine
558 1467 883 1534 terminetur'3
922 1484 974 1521 ut
1006 1484 1051 1520 et
1094 1478 1322 1523 dominus
1348 1479 1592 1523 terrestris

190 1560 252 1604 ad
283 1565 504 1602 mentem
539 1556 682 1618 hujus
713 1558 972 1603 urbarialis
999 1558 1325 1621 regulationis
1367 1557 1416 1602 in
1445 1556 1592 1619 justis

189 1640 379 1701 juribus
413 1646 459 1682 et
502 1637 818 1699 proventibus
855 1638 950 1683 suis
980 1640 1294 1684 manuteneri
1322 1647 1400 1696 ‚et
1447 1637 1593 1684 simul

193 1720 344 1764 etiam
374 1720 580 1764 miserae
609 1719 940 1765 contribuenti
966 1721 1101 1781 plebi
1135 1722 1193 1764 tle
1239 1722 1463 1766 omnibus
1498 1720 1555 1764 iis
1577 1753 1591 1775 ,

196 1817 321 1863 quae
355 1801 413 1845 ad
441 1802 660 1845 debitam
690 1799 912 1862 ejusdem
943 1800 1359 1845 conservationem
1379 1833 1393 1856 ,
1431 1807 1478 1843 et
1504 1807 1595 1844 sta-

196 1883 350 1927 bilem
374 1881 675 1926 mansionem
692 1882 966 1942 pertinent,
1003 1897 1216 1943 congrue
1240 1879 1591 1943 prospiciatur.

806 2007 929 2042 ΛΒΤ.
970 2008 1004 2042 I.

540 2090 623 2132 De
667 2086 890 2130 urbarc'o
926 2087 1251 2148 hungarico.

330 2199 626 2245 Colonorum
651 2198 1031 2260 praestationes,
1067 2197 1234 2252 datias,
1265 2204 1316 2241 et
1342 2199 1594 2244 servitutes

209 2281 383 2343 quihus
437 2281 651 2325 dominis
690 2281 785 2324 suis
834 2278 1145 2324 terrestribus
1188 2280 1408 2324 obstricti
1456 2287 1595 2336 sunt,

201 2361 440 2406 beneficia
467 2361 589 2405 item
618 2367 664 2405 et
696 2360 1057 2416 concessiones,
1110 2375 1232 2421 quae
1260 2361 1440 2405 colonis
1462 2376 1590 2405 com-

201 2449 400 2502 petunt,
449 2458 501 2485 ac
536 2442 741 2503 denique
778 2442 1070 2502 particulare
1109 2443 1380 2487 eorundem
1426 2439 1599 2484 obtutu'

207 2522 504 2565 constitutivi
540 2520 813 2567 sessionalis
853 2521 967 2582 ipsis
999 2521 1186 2566 emensi
1219 2526 1597 2566 tractamentum

207 2603 549 2661 complectitur
574 2603 864 2659 urbariurn3
901 2603 1034 2646 cuius
1073 2604 1447 2664 praeliminares
1485 2615 1599 2661 pro-

205 2681 470 2743 positiones
500 2683 547 2727 in
575 2684 716 2745 regni
748 2682 958 2727 comitiis
993 2686 1129 2731 1764.
1166 2681 1356 2728 Posonii
1387 2680 1599 2725 celebra-

206 2760 269 2806 tis
299 2760 682 2809 intervenerunt.
751 2763 918 2809 Fixam
944 2763 1094 2827 igitur
1117 2763 1343 2826 regulam
1373 2759 1594 2806 dominio
