1669 3189
523 160 862 215 memm-

3 271 103 319 vini
128 269 387 334 quantitas,
422 269 659 332 pretium,
697 277 745 315 et
769 270 989 324 lucrum,
1024 273 1071 313 et
1095 268 1383 315 educillator

3 354 121 400 duos
151 370 177 397 a
200 352 365 415 quovis
390 352 577 396 floreno
601 367 789 414 grossos
810 365 901 411 pro
930 350 1157 394 mercede
1191 350 1382 395 habeat.

131 434 180 479 Si
216 440 377 479 autem
410 432 579 477 vinum
609 432 685 476 vel
719 436 994 475 crematum
1030 429 1272 489 ejusmodi
1307 430 1387 474 do-

2 513 188 558 minale
225 513 353 569 fato,
408 529 504 556 non
546 512 687 572 culpa
732 508 1059 554 educillatoris
1093 509 1389 554 deteriorari

3 593 271 656 contingat,
314 593 533 653 pretium
560 588 662 649 ejus
703 605 793 632 nec
821 587 1107 634 educillator
1148 606 1238 635 nec
1263 604 1391 633 com-
1449 597 1453 606 “

2 672 210 719 :munitas
246 672 340 716 loci
367 686 682 732 compensare
709 666 967 729 obligetur.

410 817 714 860 Proventzzs
747 814 983 859 macelli.

133 942 174 986 7.
208 924 473 969 Proventus
515 921 737 977 macelli,
800 921 1217 983 quemadmodum
1268 919 1389 980 juris

1 1004 218 1068 praecise
243 1001 497 1048 dominalis
530 1007 625 1058 est,
676 1007 724 1044 et
747 1000 946 1046 domino
983 1000 1206 1045 terrestri
1246 1001 1390 1057 cedit,

2 1083 164 1130 eidem
189 1081 428 1127 incumbit
447 1080 569 1125 illud
592 1096 733 1125 carne
765 1079 1025 1126 sufficienti
1054 1080 1157 1126 sine
1190 1080 1287 1125 ullo
1320 1096 1393 1123 co-

0 1164 223 1209 lonorum
244 1143 393 1207 onere
424 1160 686 1223 providere
705 1192 718 1215 ‚
778 1160 977 1205 interim
1008 1161 1180 1205 colono
1211 1175 1393 1221 pecora

2 1249 49 1288 et
71 1242 277 1304 pecudes
307 1258 396 1303 pro
434 1258 519 1286 sua
556 1239 819 1285 domestica
862 1239 1145 1285 necessitate
1180 1249 1393 1285 mactare

1 1321 210 1367 vetitum
236 1337 337 1366 non
367 1319 455 1375 sit,
510 1319 577 1365 ita
604 1320 799 1376 tamen,
846 1328 900 1364 ut
928 1321 1015 1364 sub
1038 1338 1194 1382 poena
1225 1324 1392 1368 confis-

2 1399 203 1445 cationis
242 1400 554 1456 emacsslare,
614 1407 661 1444 et
704 1415 867 1446 carnes
921 1399 1140 1447 libratim
1178 1404 1392 1449 vendere

2 1496 100 1524 non
133 1486 485 1540 praesummat.

99 1610 366 1671 Lignatio
395 1608 623 1664 aedilis,
657 1606 905 1669 foculis,
943 1614 996 1653 et
1016 1624 1293 1668 pascuum.

133 1727 176 1765 8.
211 1717 378 1778 Sylvae
416 1714 617 1775 quidem
645 1715 830 1776 pariter
873 1722 985 1761 sunt
1017 1716 1139 1777 juris
1179 1716 1396 1761 domina-

3 1798 88 1855 lis,
130 1798 182 1842 in
213 1811 424 1858 quarum
445 1802 607 1839 tamen
634 1796 989 1855 possessionum
1007 1794 1257 1839 territorio
1284 1796 1397 1840 dan-

10 1884 119 1934 tur,
187 1874 416 1921 dominus
468 1872 715 1918 terrestris
767 1873 980 1936 aliquam
1036 1873 1233 1917 illarum
1289 1890 1399 1933 par-

7 1964 109 2002 tem
165 1956 449 2000 colonorum
508 1952 785 1997 necessitati
837 1953 1163 1999 sufficientem
1219 1951 1400 1996 exscin-

8 2038 119 2092 det,
187 2036 258 2080 ita
298 2041 350 2078 ut
387 2032 457 2077 illi
497 2031 802 2077 convenienti
846 2049 937 2095 pro
977 2032 1082 2077 foco
1126 2032 1394 2093 lignatione

0 2135 108 2166 :non
144 2114 495 2168 destituantur,
547 2128 646 2157 non
683 2126 817 2156 secus
853 2119 900 2156 et
924 2111 1008 2156 ubi
1035 2127 1126 2173 pro
1165 2111 1398 2156 aedificiis

0 2197 257 2261 {lignorum
286 2193 625 2240 necessitatem
647 2189 928 2247 habuerint,
974 2189 1093 2235 haec
1116 2190 1240 2234 facta
1262 2205 1403 2251 prae-

0 2277 88 2338 xie
117 2283 318 2320 eatenus
347 2273 509 2319 debita
539 2268 862 2317 insinuatione
900 2269 1019 2332 ipsis
1048 2269 1198 2332 gratis
1236 2284 1405 2315 conce-

0 2356 202 2420 gdantur.

144 2436 292 2479 Porro
321 2447 552 2494 pascuum
585 2428 732 2474 etiam
761 2445 852 2491 pro
894 2431 1182 2476 colonorum
1218 2428 1407 2491 pecori·

0 2511 104 2585 [bus
150 2520 199 2558 et
243 2512 514 2576 pecudibus
557 2511 609 2555 in
646 2509 899 2559 territorio
941 2510 1036 2557 loci
1076 2511 1288 2573 gratuito
1328 2510 1406 2557 ad-

15 2593 251 2640 mittatur.

993 2740 1132 2787 er

0 2867 7 3189 ww
