1669 3189
717 229 1059 273 *2444*-

195 338 468 387 urbm-iales
492 339 648 386 decidi
677 335 859 381 dehere
891 351 1043 399 aeque
1077 344 1268 384 certum
1291 340 1444 386 est.Id
1470 341 1583 386 uni-

197 435 308 463 cum
357 436 612 482 supremae
646 418 922 463 cxecutivae
982 418 1218 480 potestati
1273 430 1581 467 reservatum

192 497 338 545 fuisse
359 534 372 556 ,
408 508 458 543 ut
487 498 617 560 quod
646 499 880 544 urbariali
906 497 1097 556 edicto,
1142 515 1239 544 una
1266 517 1378 545 cum
1406 503 1581 548 instru-

193 581 353 623 ctione
374 579 534 622 eidem
560 580 771 636 adnexa,
825 580 875 625 in
905 579 1124 625 codicem
1154 580 1277 643 legis
1302 583 1577 644 provi-serie

191 659 375 713 relate,
435 659 644 704 necdum
676 659 819 722 plene
862 659 1216 716 dilucidatum,
1286 667 1368 706 aut
1402 661 1579 706 exhau-

189 745 315 782 stum
339 738 484 784 fuisse
517 739 824 802 experientia
863 741 1090 799 doceret,
1141 741 1192 786 id
1228 740 1280 786 in
1314 757 1577 787 commune

191 817 612 877 emolumentum,
646 839 736 883 pro
763 838 1001 879 munere,
1050 829 1096 867 et
1126 821 1388 867 autoritate
1417 822 1578 867 eidem

185 897 417 958 potestati
442 902 722 947 executivae
759 903 1010 965 legetenus
1049 902 1256 957 delatae,
1293 899 1462 946 medio
1497 901 1577 946 he-

186 977 450 1041 nignarum
476 981 834 1026 resolutionum
864 982 1082 1044 suppleri
1106 981 1310 1039 debeat3
1339 998 1436 1026 non
1461 996 1579 1024 vero

188 1058 282 1103 alio
313 1077 368 1106 ex
393 1059 716 1106 fundamento
733 1095 747 1118 ‚
806 1078 954 1123 quam
977 1068 1032 1106 ut
1064 1061 1116 1106 in
1147 1062 1332 1106 casibus
1355 1062 1462 1122 lege
1481 1075 1579 1104 non

187 1137 431 1197 definitis,
487 1148 569 1186 aut
610 1143 676 1186 ita
710 1142 1032 1202 comparatis,
1093 1148 1147 1185 ut
1187 1140 1579 1185 circumstantiae

186 1219 523 1265 subversantes
558 1222 618 1265 ad
646 1223 769 1265 hanc
792 1239 890 1267 non
927 1229 1028 1266 tam
1062 1221 1202 1266 facile
1243 1218 1482 1282 applicari
1505 1235 1580 1264 va-

182 1297 339 1353 leant,
390 1299 667 1344 necessaria
698 1301 827 1346 inter
860 1301 1135 1346 dominium
1176 1300 1486 1355 terrestrale,
1531 1304 1581 1344 et

184 1375 408 1436 ejusdem
460 1380 764 1425 urbarialem
803 1381 1052 1426 subditum
1095 1380 1253 1425 defixa
1287 1378 1387 1439 jam
1430 1381 1580 1428 semel

185 1460 472 1518 con-elatio,
509 1478 704 1523 semper
732 1462 913 1506 reflexe
950 1462 1010 1506 ad
1039 1460 1281 1506 rationem
1317 1467 1462 1505 status
1490 1478 1582 1522 pu·

183 1537 300 1584 blici
333 1540 384 1583 in
411 1556 469 1586 eo
506 1541 801 1603 aequilibrio
841 1548 1170 1598 sustentetur,
1223 1541 1357 1586 cuius
1390 1558 1580 1588 conser-

183 1620 425 1664 vationem
453 1627 500 1666 et
523 1622 655 1684 leges
678 1621 894 1683 patriae,
950 1629 998 1667 et
1023 1622 1404 1684 praeexistentes
1429 1623 1475 1667 b.
1504 1640 1579 1668 re-

186 1698 450 1744 solutiones
477 1700 642 1763 regiae
663 1703 877 1765 exigunt.
968 1702 1090 1746 Huic
1114 1709 1278 1748 autem
1309 1701 1469 1746 officio
1493 1719 1577 1748 no-

182 1775 271 1820 bili
295 1778 596 1837 satisfacere,
648 1781 959 1843 obligationis
997 1788 1070 1826 est
1094 1789 1196 1825 tam
1234 1781 1577 1827 dominiorum

182 1860 570 1917 terrestralium,
618 1861 787 1922 quibus
821 1862 1046 1906 fortunae
1089 1862 1405 1918 colonorum,
1466 1879 1577 1925 pro-

183 1936 294 1997 prio
330 1940 508 1984 cedunt
547 1941 839 1997 commodo,
893 1958 1040 2003 quam
1076 1948 1126 1986 et
1161 1941 1476 2005 publicarum
1504 1942 1576 2003 ju-

183 2015 547 2077 risdictionum,
613 2037 821 2083 quarum
864 2021 1097 2067 autoritas
1132 2021 1407 2082 plurimum
1445 2038 1575 2067 cara-

179 2097 325 2141 cteris
351 2099 401 2144 in
433 2100 856 2151 administratione
890 2100 1030 2162 justi,
1090 2109 1137 2147 et
1165 2103 1311 2164 aequi
1344 2101 1569 2147 obtinere

185 2175 344 2225 debet

738 2304 863 2340 ΛΒΤ.
889 2306 970 2339 III.

181 2379 263 2421 De
307 2380 710 2439 instrumentis,
759 2387 830 2430 ad
870 2401 1003 2447 qaae
1039 2388 1097 2431 in
1133 2388 1180 2431 b.
1205 2387 1567 2435 instructione

180 2457 277 2503 pro
324 2449 653 2494 comissariis
688 2453 860 2512 regiis
908 2454 965 2496 in
1009 2468 1065 2496 re
1113 2455 1353 2500 arbarili
1377 2455 1448 2499 acl
1489 2468 1567 2497 co-

243 2510 468 2557 milatus
514 2518 765 2560 exmissis
810 2517 1141 2563 deserviente
1182 2520 1502 2580 provocatio

815 2576 918 2644 fit.

313 2679 354 2713 1·
391 2673 495 2715 Sub
521 2674 634 2717 NB.
667 2681 719 2719 et
737 2678 800 2720 A.
825 2677 897 2720 ad
928 2674 966 2735 §
999 2688 1039 2725 5.
1088 2677 1171 2722 Est
1195 2678 1408 2724 formula
1436 2676 1565 2738 jura-

178 2746 333 2791 menti
357 2765 449 2808 pro
478 2751 718 2813 deputatis
745 2755 804 2800 ad
831 2757 1179 2803 elaborandam
1203 2759 1421 2804 locorum
1453 2758 1565 2802 clas-

180 2829 497 2880 sificationem
546 2854 636 2899 per
684 2841 969 2888 comitatum
1021 2840 1342 2890 denominatis
1400 2837 1563 2882 deser·-
