1669 3189
701 152 1041 203 m64ssm..

233 258 312 291 culo
335 256 497 292 admissa
524 257 600 290 130.
627 254 712 289 vide
748 256 859 288 etiam

232 322 260 354 P
276 333 289 353 r
303 331 322 353 ο
339 332 356 353 c
370 330 388 353 e
401 330 416 351 s
432 332 446 352 s
461 331 482 351 u
497 329 525 349 s.

184 382 425 417 Arabiles
454 386 571 412 terrae
596 390 660 425 per
691 379 816 425 iugera
841 391 859 414 2

227 449 459 476 metretarum
478 441 753 487 posoniensium
778 452 858 488 spe-

228 501 431 537 cificandae
456 503 486 536 6.
513 512 583 546 quo
609 503 720 535 etiam
758 514 860 548 spec-

226 571 303 597 tant
332 575 399 597 eae
426 571 558 607 terrae,
582 575 676 609 quae
695 572 860 598 naturam

227 628 500 672 exstirpationis
528 628 727 661 amiserunt
755 639 790 671 7.

180 706 271 714 -·-
297 685 503 732 praediales
533 698 677 733 quoque
705 689 859 722 conscri-

226 748 370 783 bendae
385 769 396 774 -
414 747 563 784 ibidem.

295 822 387 856 quae
411 809 581 844 acolonis
607 808 769 844 subtrahi
784 822 857 844 non

224 879 377 918 possunt
401 884 434 915 7.
461 873 496 908 8,

179 951 270 958 ”--
294 941 547 979 compalantur
565 945 645 967 cum
672 935 859 967 vinearum

226 993 383 1039 pedibus
408 996 445 1026 in
478 995 658 1028 Comitatu
673 996 857 1040 Syrmien-

228 1057 258 1089 si
284 1057 322 1089 in
350 1055 523 1089 Slavonia
548 1056 603 1089 25.
630 1056 685 1091 26.

179 1115 310 1152 Arad
356 1117 393 1149 in
428 1118 610 1152 Comitatu
637 1116 857 1151 Extravilla-

228 1188 314 1210 num
341 1179 394 1213 28.

182 1240 368 1272 Aratra
396 1251 517 1275 annua
545 1243 623 1276 250.
651 1240 730 1284 304.

179 1301 212 1333 A
227 1312 241 1332 r
255 1312 275 1332 a
290 1308 301 1333 t
316 1313 335 1333 u
349 1313 397 1334 ra
422 1314 504 1336 cum
527 1306 549 1347 4
566 1301 749 1348 jugalibus
779 1301 857 1336 252.

225 1360 304 1397 355.
339 1361 419 1397 330.
459 1365 540 1408 450.
567 1366 675 1398 -in
713 1364 858 1397 Croatia

227 1423 305 1466 570.
333 1424 413 1459 605.
439 1425 477 1459 in
503 1426 682 1459 Slavonia
709 1424 789 1467 643.

180 1503 272 1511 ·-·--
298 1498 380 1519 cum
405 1489 593 1520 occatione
630 1487 752 1527 innota
778 1497 855 1529 272.

179 1549 213 1581 Α
226 1559 240 1579 r
256 1547 278 1580 b
296 1561 342 1581 or
356 1560 429 1581 um
488 1547 721 1593 implantatio
772 1556 856 1581 ante

229 1608 354 1641 domos
381 1601 477 1650 mos

280 1670 316 1700 in
329 1669 492 1714 prunetis
507 1667 762 1703 abaestimatio
780 1671 854 1712 140.

226 1732 262 1762 in
287 1729 463 1761 Slavonia
487 1729 564 1770 640.

177 1789 678 1835 Archiepiscopalia
759 1788 857 1823 bona

223 1849 480 1884 ciassiflcanda
501 1849 581 1893 434.

177 1912 386 1948 Arenda
406 1912 854 1955 tione5199.36‹).39!1.

230 1975 308 2019 489.
332 1974 415 2016 496.
440 1974 477 2005 in
502 1973 651 2006 croatia
675 1973 756 2014 573.
772 1974 855 2009 583.

178 2054 269 2061 ———
296 2036 512 2069 Contractus
547 2034 741 2068 arendales
775 2035 855 2080 496.

224 2097 341 2131 vide
369 2097 701 2130 Contractus.

177 2161 320 2194 Arma
355 2168 499 2192 servare
536 2156 731 2191 interdicta
782 2157 855 2191 151.

222 2221 302 2263 374.
328 2221 364 2253 in
389 2221 537 2254 croatia
559 2218 639 2256 538.
668 2220 705 2252 in
730 2219 854 2254 Slavo—

224 2284 288 2315 nie
311 2281 391 2316 633.

179 2341 528 2376 Arundinatio
558 2343 634 2386 196.

182 2404 214 2436 A
228 2415 242 2435 r
258 2417 274 2436 v
289 2415 310 2436 a
336 2403 537 2437 dominium
567 2405 643 2448 195.
671 2403 749 2447 423.
773 2404 854 2438 501.

179 2480 268 2487 —-—-—
317 2465 353 2497 in
400 2464 584 2498 Comitatu
635 2464 855 2499 Extravilla-

228 2533 313 2555 num
341 2524 395 2560 28.

181 2599 272 2606 ——
298 2583 488 2619 Urbarium
512 2585 753 2620 introductum
779 2587 858 2630 433.

183 2642 216 2676 Α
229 2654 244 2674 s
258 2643 323 2674 sis
339 2650 382 2676 te
397 2648 500 2680 ntia
556 2647 630 2681 fisci
669 2649 857 2692 magistra-

232 2702 341 2736 tualis
379 2715 442 2749 pro
479 2708 616 2741 colonis
660 2707 739 2743 336.
773 2707 854 2744 350.

227 2762 307 2799 511.

944 255 1028 290 vide
1054 257 1387 304 Instantiae‚
1425 260 1575 295 Justi-

945 319 1039 359 tia,
1071 324 1107 350 et
1135 318 1410 362 Qverelae.

898 377 931 411 A
945 389 966 410 u
982 381 1179 424 cupium
1220 380 1299 422 164:
1332 381 1406 415 181.
1429 381 1509 425 367.
1536 382 1576 415 in

947 440 1093 473 Croatia
1117 440 1183 475 582
1225 441 1399 475 Slavonia
1425 443 1502 488 629.

898 499 932 533 A
947 511 968 532 u
982 502 1112 534 stria
1124 503 1165 534 ci
1215 501 1349 536 urbarii
1391 514 1574 551 compara·

946 563 995 594 tio
1022 574 1103 596 cum
1129 563 1328 610 hungarico
1357 564 1439 600 551.

899 623 931 657 Α
945 637 964 656 ν
983 635 1003 657 e
1016 636 1039 657 11
1052 635 1073 656 a
1087 635 1106 657 e
1144 627 1288 658 exactio
1332 624 1440 658 titulo
1486 624 1576 668 juris

946 688 1108 719 montani
1133 686 1212 720 230.

897 747 999 782 Ave
1016 748 1277 782 xsionales
1304 746 1468 782 robottae
1494 749 1577 792 267.

896 846 944 905 Β
964 886 1019 907 aa
1036 887 1058 908 n
1087 874 1267 921 oppidum
1294 875 1375 909 506.

897 935 1097 970 Babath
1125 939 1204 970 262.

897 999 1204 1033 Baesiensis
1244 998 1383 1032 navalis
1419 1000 1574 1032 societas

950 1059 1028 1102 ¹37·

897 1121 926 1155 B
942 1131 1022 1153 aes
1056 1120 1094 1151 in
1131 1119 1315 1152 Comitatu
1352 1118 1576 1154 Extravilla-

944 1191 1032 1214 num
1060 1179 1114 1214 28.

897 1260 987 1267 —-—
1013 1240 1198 1275 urbarium
1225 1240 1471 1275 introductum
1493 1241 1576 1285 433.

896 1302 925 1336 Β
940 1315 960 1336 a
973 1315 993 1348 g
1008 1302 1032 1335 h
1057 1304 1241 1348 possessio
1268 1303 1345 1335 261.
1370 1302 1451 1340 508.

897 1364 1037 1398 Bahn
1055 1364 1312 1410 weingeld
1383 1362 1579 1409 abrogatur

943 1436 1021 1460 201.
1048 1425 1128 1470 369.
1153 1427 1192 1458 in
1216 1425 1364 1459 croatia
1384 1426 1466 1468 584.

894 1486 1017 1528 Baja
1043 1485 1168 1532 oppidi
1194 1494 1398 1521 contractus
1436 1485 1578 1520 urbari·

942 1547 1011 1579 alis
1037 1548 1117 1590 495.

896 1605 1068 1647 Bajom
1107 1606 1277 1653 (Nagy)
1331 1610 1369 1642 in
1412 1609 1574 1644 dominio

939 1670 1066 1710 pascui
1114 1666 1283 1707 ejectatio
1331 1670 1388 1701 61.
1435 1676 1471 1702 et
1519 1669 1572 1704 di-

943 1726 1086 1758 mensio
1113 1725 1193 1768 423.

896 1785 926 1819 Β
941 1796 961 1816 a
977 1785 984 1826 j
1001 1783 1080 1817 ulo
1093 1797 1108 1817 1·
1121 1796 1143 1817 u
1157 1797 1192 1818 m
1225 1797 1400 1832 equorum
1429 1803 1574 1839 compa·

932 1846 1022 1878 ratio
1046 1858 1128 1880 cum
1149 1846 1302 1882 robottis
1319 1851 1396 1887 253.

895 1908 924 1941 Β
938 1919 960 1940 a
974 1908 998 1941 k
1013 1920 1032 1941 o
1067 1909 1226 1943 Joannes
1259 1911 1499 1949 Comissarius
1523 1927 1577 1950 re—

942 1969 1021 2012 gius
1046 1969 1130 2012 590.

897 2030 1091 2064 Banatu
1128 2032 1167 2064 in
1214 2033 1393 2077 regulatio
1431 2039 1575 2072 numeri

943 2103 1119 2138 pecorum
1143 2100 1178 2126 et
1201 2093 1386 2139 pecudum
1413 2094 1459 2129 ad
1487 2108 1572 2143 pas·

943 2165 1049 2187 cuum
1064 2166 1260 2188 commune
1282 2167 1347 2200 pro
1366 2158 1474 2202 popis
1491 2168 1573 2202 297.

894 2213 922 2246 B
940 2214 1229 2248 Anhorve'ith
1265 2215 1387 2261 quoad
1419 2229 1569 2255 censum

941 2275 1161 2308 cellarialem
1193 2278 1272 2319 241.

893 2336 922 2369 Β
936 2346 958 2368 a
971 2348 986 2368 r
1003 2347 1024 2368 a
1037 2348 1061 2369 n
1073 2348 1098 2381 y
1112 2347 1133 2368 a
1177 2339 1216 2370 in
1253 2338 1438 2373 comitatu
1483 2352 1571 2376 usus

942 2398 1169 2432 ahaenorum
1196 2399 1272 2434 183.

1012 2468 1130 2492 terrae
1166 2460 1458 2495 remanentiales
1484 2461 1569 2496 sub=

945 2521 1030 2555 ditis
1055 2520 1223 2554 addictae
1252 2532 1315 2554 102

898 2601 989 2610 --—-
1024 2582 1324 2617 Exiraviltanum
1369 2584 1571 2618 constituti-

941 2654 1026 2677 vum
1053 2641 1107 2676 28.

896 2724 987 2731 -—-
1013 2704 1148 2739 urbarii
1176 2706 1393 2741 introductio
1406 2705 1485 2749 432.

896 2767 1076 2802 Barom
1101 2768 1148 2812 (N
1165 2769 1274 2813 agy)
1305 2769 1380 2812 ¹95·
1407 2767 1486 2803 501.
