1669 3189
594 190 663 201 ω·
718 168 803 210 553
863 187 955 223 m.

58 285 231 329 beram
256 279 559 342 emptionem
588 283 638 323 et
671 276 1006 323 venditionem
1034 272 1453 320 fundorumcolo-

58 363 290 409 nicalium
327 361 378 406 in
404 363 592 405 Banatu
621 354 896 423 generatim
917 391 931 414 ,
974 358 1023 402 in
1055 352 1342 418 Hungaricis
1379 368 1454 396 co-

57 440 338 497 mitatibus,
373 441 456 485 ubi
486 440 538 485 in
564 457 653 485 usu
675 445 774 494 est,
821 454 970 499 porro
1000 452 1191 500 quoque
1228 433 1290 478 ad
1317 448 1456 476 men-

60 530 162 568 tem
199 523 415 584 ipsarum
449 522 618 582 legum
656 534 852 579 semper
898 515 1236 571 manuteneri,
1292 514 1454 575 ipsum

61 603 319 647 urbarium
357 607 404 644 et
422 601 662 662 benignae
703 597 1040 659 dispositiones
1074 596 1239 658 regiae
1272 592 1455 639 affatim

60 683 261 738 docent,
323 698 381 726 eo
425 688 616 726 tantum
659 678 798 723 isthic
856 685 1060 734 attactO,
1105 676 1456 739 proprietatem

66 762 421 806 austriacorum
459 761 723 805 fundorum
760 759 827 803 ita
861 764 1192 820 comparatam
1226 773 1354 812 esse,
1400 761 1455 800 ut

59 841 175 886 dum
211 842 398 904 emptio
435 840 655 886 venditio
693 839 997 893 eorundem,
1056 844 1136 882 aut
1190 836 1451 899 quaepiam

55 922 260 966 mutatio
297 921 589 976 intercedit,
646 936 738 982 per
776 919 1011 963 notabiles
1056 916 1291 962 laudemii
1325 924 1455 960 taxas

57 1001 265 1046 decursu
298 1001 521 1063 plurium
555 1017 797 1045 annorum
833 998 1036 1060 capitale
1072 996 1293 1041 dominio
1325 997 1458 1040 inve-

59 1080 230 1125 stitum
270 1098 362 1143 per
410 1082 535 1143 ipsos
578 1081 777 1125 colonos
811 1079 864 1123 in
909 1085 1050 1141 parte
1100 1077 1453 1139 quadamtenus

58 1161 381 1206 resarciatur.
449 1161 545 1207 Ubi
565 1162 615 1206 in
635 1161 880 1223 Hungaria
902 1175 992 1221 pro
1017 1158 1180 1203 indole
1207 1155 1454 1219 primitivi

61 1244 163 1305 jam
193 1244 391 1305 spiritus
407 1243 632 1299 nationis,
658 1250 702 1288 et
724 1241 1097 1296 constitutionis,
1117 1237 1277 1284 fundis
1294 1236 1460 1281 sessio-

58 1323 250 1368 nalihus
281 1323 552 1368 subditelae
578 1323 728 1386 gratis
758 1322 957 1366 omnino
987 1336 1105 1382 erga
1132 1317 1455 1381 pendendum

61 1402 350 1463 stipulatum
395 1420 592 1448 censum
631 1404 911 1466 assignatiS,
979 1401 1198 1462 adeoque
1242 1403 1457 1460 spectata

58 1483 250 1545 origine
291 1483 534 1544 disparem
585 1501 695 1527 cum
737 1482 985 1527 austriacis
1025 1488 1254 1526 naturam
1292 1476 1459 1522 subin-

58 1563 427 1628 gredientibus,
472 1564 604 1607 nulla
646 1563 798 1607 etiam
836 1560 1174 1607 intercedente
1217 1558 1349 1603 cuius
1383 1558 1461 1602 de·

59 1662 198 1690 mum
226 1628 417 1710 cunque
449 1643 634 1688 ordinis
676 1642 976 1696 mutatione,
1035 1640 1128 1683 hoc
1155 1638 1297 1682 titulo
1328 1636 1462 1699 quid-

61 1722 199 1784 piam
228 1739 285 1766 ex
305 1729 444 1783 parte
472 1723 756 1766 colonorum
781 1719 1011 1765 dominiis
1034 1719 1295 1780 penditur,
1340 1734 1456 1778 quo-

62 1817 178 1845 rum
198 1800 532 1845 dominiorum
561 1800 719 1845 libera
742 1799 990 1861 dispositio
1015 1815 1125 1842 cum
1147 1797 1309 1842 fundis
1334 1797 1459 1840 colo-

62 1879 302 1927 nicalibus
325 1879 445 1922 adeo
460 1877 695 1933 restricta,
732 1877 845 1940 quin
863 1878 960 1921 imo
974 1894 1062 1937 per
1079 1892 1363 1937 expressum
1383 1892 1461 1920 ve-

62 1963 156 2006 tita
181 1969 282 2017 est,
316 1967 369 2004 ut
401 1947 571 2004 eadem
601 1959 903 2003 eminentem
931 1958 1190 2012 duntaxat,
1235 1963 1381 2018 prout
1405 1955 1457 2000 in

63 2038 252 2084 Austria
282 2044 382 2095 est,
419 2038 839 2083 constitutivorum
873 2037 1209 2082 sessionalium
1234 2036 1459 2098 proprie-

62 2127 216 2164 tatem
243 2117 656 2178 (Dbereigentbum)
683 2118 916 2172 habeant,
950 2117 1096 2160 realis
1124 2123 1289 2161 autem
1315 2116 1458 2161 unice

64 2200 205 2245 fundi
254 2197 673 2243 contributionalis
724 2197 1000 2258 proprietas
1040 2195 1136 2240 dici
1186 2197 1357 2241 debeat
1404 2197 1458 2241 in

68 2280 245 2342 spiritu
269 2280 315 2324 b.
341 2279 470 2323 illius
495 2277 822 2339 dispositionis
844 2284 891 2321 et
916 2277 1049 2338 legis,
1092 2276 1329 2339 quidquid
1355 2276 1460 2320 fun-

69 2360 189 2404 dum
212 2357 951 2403 contributionali-urharialem
987 2363 1070 2400 aut
1113 2357 1320 2401 dicalem
1350 2373 1460 2401 con-

67 2437 387 2500 scriptionem
425 2440 699 2502 ingressum
733 2446 828 2494 est,
880 2438 1002 2482 illud
1034 2437 1093 2482 ab
1137 2437 1314 2482 eodem
1362 2453 1460 2481 am-

66 2518 197 2581 plius
227 2518 368 2562 avelli
391 2536 486 2563 non
513 2535 670 2581 posse.
738 2520 807 2563 Ita
834 2534 925 2574 nec
952 2517 1200 2563 austriacis
1224 2515 1457 2562 dominiis

69 2600 428 2644 terrestralibus
457 2601 654 2661 plenam
680 2615 792 2643 cum
813 2598 971 2643 fundis
996 2599 1260 2645 subditelae
1280 2598 1458 2661 agendi

70 2681 349 2726 libertatem
366 2714 379 2736 ,
431 2681 715 2726 eorumdem
737 2680 882 2724 codex
904 2678 1160 2725 urbarialis
1185 2685 1455 2724 attestatur.

74 2760 163 2807 Cui
192 2769 354 2808 autem
374 2760 472 2824 juri
500 2760 726 2808 innititur
741 2759 1016 2822 desumptio
1043 2759 1240 2824 terragii
1254 2757 1457 2811 (ejx-unm
