1669 3189
696 191 766 203 -m
822 170 908 212 588
965 194 1036 206 ...-

296 281 335 341 ᾗ,
367 293 439 329 12.
507 279 652 323 Arma
673 282 888 338 gestare,
941 283 987 322 et
1018 276 1257 322 venaticos
1287 291 1428 323 canes
1459 294 1557 323 ser-

158 377 272 407 vare
331 362 416 407 sub
460 357 611 401 trium
662 355 857 402 dierum
891 355 1133 402 manualis
1166 356 1343 401 laboris
1389 374 1557 421 poena

157 440 362 487 subditis
394 437 600 483 vetitum
625 444 713 486 est.

291 520 434 579 §.13.
523 517 816 581 Epocillatio
875 516 1204 580 cujuscunque
1275 525 1415 580 potus
1471 523 1594 568 sub*
1651 503 1653 542 ἔ

148 604 348 662 'tempus
381 599 577 646 educilli
610 598 873 644 dominalis
919 598 1122 643 subditis
1150 598 1239 644 sub
1265 614 1425 660 poena
1450 617 1557 646 con-

155 681 448 737 trabandae,
500 686 550 724 et
578 679 794 724 triduani
822 676 1002 723 laboris
1037 676 1279 722 manualis
1304 676 1554 725 interdici-

155 767 271 817 tur,
309 760 359 805 in
378 761 494 814 locis
521 767 685 806 tamen
712 759 1054 822 promontoria
1080 755 1368 804 habentibus
1397 759 1557 805 subdi-

154 840 214 885 iis
236 842 467 903 propriae
494 840 544 885 in
562 840 814 885 territorio
840 839 1079 884 dominali
1102 839 1460 901 procreationis
1492 840 1559 885 v'i-

149 937 274 967 ·num
306 922 457 965 etiam
493 921 624 966 intra
650 920 963 982 praedictum
996 927 1191 981 tempus
1216 938 1307 982 pro
1330 923 1560 969 domesti-

153 1017 209 1045 ca
226 1002 514 1046 necessitate
545 1000 795 1056 inducere,
826 1006 874 1043 et
897 999 1022 1042 illud
1034 998 1207 1044 bibere
1233 999 1446 1049 liberum
1471 1011 1558 1048 est.

288 1080 327 1140 §.
362 1087 433 1129 14.
503 1081 732 1126 subditus
780 1078 954 1123 citatus
991 1079 1051 1124 acl
1091 1079 1341 1123 robottam
1379 1083 1441 1127 ob
1484 1099 1562 1128 nex

155 1160 476 1224 gligentiam,
524 1168 606 1206 aut
634 1162 697 1206 ob
723 1161 869 1206 aliam
899 1159 1211 1222 illegitimam
1243 1174 1561 1206 causam'non

157 1259 477 1304 comparem,
520 1254 591 1291 12.
618 1243 906 1288 baculorum
938 1257 1095 1303 poena
1121 1239 1419 1302 puniendus,

291 1321 331 1380 §.
366 1333 437 1370 15.
505 1321 705 1367 Macelli
736 1319 995 1366 dominalis
1029 1321 1081 1365 in
1106 1319 1465 1381 praejudicium
1497 1321 1557 1366 ab

166 1402 412 1447 extraneis
437 1403 551 1447 locis
582 1420 777 1448 carnem
805 1402 1069 1457 inducens,
1112 1401 1191 1446 vel
1216 1401 1424 1462 ipsemet
1447 1418 1564 1464 erga

156 1484 377 1545 pretium
399 1485 681 1529 emacillare
706 1490 945 1528 attentans
974 1482 1216 1539 subditus,
1243 1489 1438 1544 praeter
1453 1496 1562 1526 con-

158 1563 449 1607 habandam
480 1564 649 1619 toties,
699 1563 904 1624 quoties
926 1562 1075 1606 trium
1109 1561 1303 1606 dierum
1341 1559 1559 1606 manuali

162 1642 333 1687 labore
362 1642 615 1703 puniatur.

292 1722 333 1781 §.
367 1726 437 1769 16.
506 1722 693 1766 Viduae
747 1719 1059 1764 subditorum
1117 1718 1425 1780 praescripto
1474 1723 1565 1763 art.

157 1802 403 1847 21.Ulad.
445 1791 623 1846 decret.
670 1813 711 1850 ἵ.
758 1808 911 1845 semet
948 1800 1287 1857 conforment,
1340 1799 1560 1860 adeoque

157 1881 197 1924 si
227 1881 367 1925 alteri
397 1881 683 1943 nupserint,
718 1881 821 1926 sine
846 1880 1039 1925 indultu
1069 1879 1275 1924 dominii
1312 1886 1564 1945 terrestra-

156 1961 216 2006 lis
254 1978 279 2005 e
331 1962 477 2006 domo
523 1961 762 2007 recedere
799 1967 1065 2023 nequeant,
1127 1977 1259 2005 secus
1298 1958 1561 2004 substantia

163 2041 433 2087 earundem
457 2040 668 2085 dominii
694 2040 899 2085 arbitrio
921 2039 1221 2101 subjiciatur.

293 2121 331 2181 §0
362 2135 434 2170 17.
481 2123 715 2167 Mutuum
745 2122 1110 2167 communitatis
1148 2120 1349 2166 nomine
1374 2120 1552 2183 absque

163 2203 410 2265 praescita
437 2203 627 2249 domini
655 2203 930 2259 terrestris,
987 2201 1379 2254 contrahendum
1414 2200 1561 2247 inter-

171 2282 372 2329 dicitur.
1054 2278 1058 2283 *
1450 2263 1463 2276 ·

294 2369 330 2414 ᾧ.
363 2373 435 2412 18.
463 2363 685 2410 Advenae
706 2364 765 2409 ad
780 2363 1057 2409 dominium
1070 2364 1171 2409 sine
1188 2363 1309 2408 scitu
1324 2361 1561 2407 dominali

159 2459 257 2487 non
289 2444 625 2507 recipiantur3
671 2445 1006 2502 venditiones,
1070 2444 1373 2506 emptiones,
1432 2458 1560 2487 eam·

161 2521 270 2578 hia,
321 2532 369 2567 et
399 2526 559 2589 legata
595 2527 879 2588 quorumvis
913 2525 1178 2570 fundorum
1223 2521 1559 2570 sessionalium
1606 2576 1608 2578 ,

163 2601 266 2645 sine
309 2603 430 2648 scitu
466 2605 703 2649 dominali
741 2604 829 2649 sub
870 2603 1132 2675 amissique
1175 2619 1396 2648 summae
1429 2603 1559 2648 i‘nve-

163 2682 305 2726 stitae
347 2685 702 2743 prohibentur,
760 2684 971 2745 exceptis
1012 2683 1233 2741 casibus,
1294 2683 1345 2729 in
1384 2682 1556 2744 quihus

163 2762 321 2808 coloni
353 2763 411 2809 de
431 2764 535 2825 lege
556 2765 764 2814 liberam
790 2765 1035 2815 vendendi
1053 2765 1337 2811 facultatem
1357 2763 1557 2819 habent,
