<?xml version="1.0" encoding="UTF-8"?>
<!DOCTYPE html PUBLIC "-//W3C//DTD XHTML 1.0 Transitional//EN"
    "http://www.w3.org/TR/xhtml1/DTD/xhtml1-transitional.dtd">
<html xmlns="http://www.w3.org/1999/xhtml" xml:lang="en" lang="en">
 <head>
  <title>
</title>
<meta http-equiv="Content-Type" content="text/html;charset=utf-8" />
  <meta name='ocr-system' content='tesseract 3.04.00' />
  <meta name='ocr-capabilities' content='ocr_page ocr_carea ocr_par ocr_line ocrx_word'/>
</head>
<body>
  <div class='ocr_page' id='page_1' title='image "./constitutioreiur02paul_0239.png"; bbox 0 0 1669 3189; ppageno 0'>
   <div class='ocr_carea' id='block_1_1' title="bbox 573 166 955 225">
    <p class='ocr_par' dir='ltr' id='par_1_1' title="bbox 573 166 955 225">
     <span class='ocr_line' id='line_1_1' title="bbox 573 166 955 225; baseline 0.005 -2"><span class='ocrx_word' id='word_1_1' title='bbox 573 186 643 198; x_wconf 80' lang='grc'>-···</span> <span class='ocrx_word' id='word_1_2' title='bbox 700 166 787 222; x_wconf 74' lang='lat'>5⁶9</span> <span class='ocrx_word' id='word_1_3' title='bbox 848 186 955 225; x_wconf 7' lang='lat' dir='ltr'>w?</span> 
     </span>
    </p>
   </div>
   <div class='ocr_carea' id='block_1_2' title="bbox 41 272 1451 1779">
    <p class='ocr_par' dir='ltr' id='par_1_2' title="bbox 49 272 1447 417">
     <span class='ocr_line' id='line_1_2' title="bbox 50 272 1447 336; baseline -0.001 -16"><span class='ocrx_word' id='word_1_4' title='bbox 50 274 292 321; x_wconf 69' lang='lat' dir='ltr'>nationem</span> <span class='ocrx_word' id='word_1_5' title='bbox 320 275 571 336; x_wconf 85' lang='lat' dir='ltr'>recipere,</span> <span class='ocrx_word' id='word_1_6' title='bbox 626 274 752 319; x_wconf 87' lang='lat' dir='ltr'>etin</span> <span class='ocrx_word' id='word_1_7' title='bbox 790 272 1171 336; x_wconf 80' lang='lat' dir='ltr'>appertinentias</span> <span class='ocrx_word' id='word_1_8' title='bbox 1215 272 1447 319; x_wconf 67' lang='lat' dir='ltr'>sessionaae</span> 
     </span>
     <span class='ocr_line' id='line_1_3' title="bbox 49 354 1149 417; baseline 0 -17"><span class='ocrx_word' id='word_1_9' title='bbox 49 356 119 401; x_wconf 89' lang='lat' dir='ltr'>les</span> <span class='ocrx_word' id='word_1_10' title='bbox 146 357 394 417; x_wconf 82' lang='lat' dir='ltr'>imputare</span> <span class='ocrx_word' id='word_1_11' title='bbox 423 356 651 401; x_wconf 88' lang='lat' dir='ltr'>dominus</span> <span class='ocrx_word' id='word_1_12' title='bbox 680 356 928 400; x_wconf 84' lang='lat' dir='ltr'>terrestris</span> <span class='ocrx_word' id='word_1_13' title='bbox 951 354 1149 417; x_wconf 83' lang='lat' dir='ltr'>poterit.</span> 
     </span>
    </p>

    <p class='ocr_par' dir='ltr' id='par_1_3' title="bbox 41 432 1451 981">
     <span class='ocr_line' id='line_1_4' title="bbox 177 432 1445 499; baseline -0.005 -17"><span class='ocrx_word' id='word_1_14' title='bbox 177 436 704 499; x_wconf 75' lang='lat' dir='ltr'>Exstirpatitiiautem</span> <span class='ocrx_word' id='word_1_15' title='bbox 748 435 889 480; x_wconf 82' lang='lat' dir='ltr'>fundi</span> <span class='ocrx_word' id='word_1_16' title='bbox 939 434 1127 498; x_wconf 78' lang='lat' dir='ltr'><strong>antiqui</strong></span> <span class='ocrx_word' id='word_1_17' title='bbox 1173 432 1445 478; x_wconf 80' lang='lat' dir='ltr'><strong>successive</strong></span> 
     </span>
     <span class='ocr_line' id='line_1_5' title="bbox 46 514 1448 578; baseline -0.004 -15"><span class='ocrx_word' id='word_1_18' title='bbox 46 517 330 563; x_wconf 86' lang='lat' dir='ltr'>sessionales</span> <span class='ocrx_word' id='word_1_19' title='bbox 379 517 564 573; x_wconf 83' lang='lat' dir='ltr'>effecti,</span> <span class='ocrx_word' id='word_1_20' title='bbox 626 523 954 578; x_wconf 73' lang='lat' dir='ltr'><strong>naturamque</strong></span> <span class='ocrx_word' id='word_1_21' title='bbox 1009 514 1448 576; x_wconf 85' lang='lat' dir='ltr'>exstirpatitiorum</span> 
     </span>
     <span class='ocr_line' id='line_1_6' title="bbox 41 594 1449 656; baseline -0.005 -12"><span class='ocrx_word' id='word_1_22' title='bbox 41 615 143 644; x_wconf 87' lang='lat' dir='ltr'>non</span> <span class='ocrx_word' id='word_1_23' title='bbox 156 597 446 654; x_wconf 79' lang='lat' dir='ltr'>retinentes,</span> <span class='ocrx_word' id='word_1_24' title='bbox 494 604 575 642; x_wconf 90' lang='lat' dir='ltr'>aut</span> <span class='ocrx_word' id='word_1_25' title='bbox 604 615 629 642; x_wconf 80' lang='lat' dir='ltr'>a</span> <span class='ocrx_word' id='word_1_26' title='bbox 656 594 857 640; x_wconf 82' lang='lat' dir='ltr'>subditis</span> <span class='ocrx_word' id='word_1_27' title='bbox 888 594 1268 656; x_wconf 78' lang='lat' dir='ltr'>exstirpantibus</span> <span class='ocrx_word' id='word_1_28' title='bbox 1295 594 1354 637; x_wconf 90' lang='lat' dir='ltr'>de</span> <span class='ocrx_word' id='word_1_29' title='bbox 1380 594 1449 638; x_wconf 83' lang='lat' dir='ltr'>lo-</span> 
     </span>
     <span class='ocr_line' id='line_1_7' title="bbox 47 673 1447 741; baseline -0.004 -18"><span class='ocrx_word' id='word_1_30' title='bbox 47 696 101 724; x_wconf 90' lang='lat' dir='ltr'>co</span> <span class='ocrx_word' id='word_1_31' title='bbox 123 678 448 741; x_wconf 74' lang='lat' dir='ltr'><strong>migrantibus</strong></span> <span class='ocrx_word' id='word_1_32' title='bbox 475 676 694 722; x_wconf 86' lang='lat' dir='ltr'>derelicti</span> <span class='ocrx_word' id='word_1_33' title='bbox 737 676 790 720; x_wconf 91' lang='lat' dir='ltr'>in</span> <span class='ocrx_word' id='word_1_34' title='bbox 828 691 1002 720; x_wconf 79' lang='lat' dir='ltr'>manus</span> <span class='ocrx_word' id='word_1_35' title='bbox 1047 676 1229 719; x_wconf 77' lang='lat' dir='ltr'>alienas</span> <span class='ocrx_word' id='word_1_36' title='bbox 1261 674 1329 718; x_wconf 91' lang='lat' dir='ltr'>ita</span> <span class='ocrx_word' id='word_1_37' title='bbox 1369 673 1447 718; x_wconf 89' lang='lat' dir='ltr'>de-</span> 
     </span>
     <span class='ocr_line' id='line_1_8' title="bbox 45 754 1448 820; baseline -0.004 -15"><span class='ocrx_word' id='word_1_38' title='bbox 45 760 220 817; x_wconf 77' lang='lat' dir='ltr'>voluti,</span> <span class='ocrx_word' id='word_1_39' title='bbox 268 768 315 805; x_wconf 90' lang='lat' dir='ltr'>et</span> <span class='ocrx_word' id='word_1_40' title='bbox 357 759 536 820; x_wconf 81' lang='lat' dir='ltr'>absque</span> <span class='ocrx_word' id='word_1_41' title='bbox 584 757 684 801; x_wconf 90' lang='lat' dir='ltr'>ulla</span> <span class='ocrx_word' id='word_1_42' title='bbox 728 756 998 813; x_wconf 85' lang='lat' dir='ltr'>mercedis,</span> <span class='ocrx_word' id='word_1_43' title='bbox 1050 764 1130 800; x_wconf 87' lang='lat' dir='ltr'>aut</span> <span class='ocrx_word' id='word_1_44' title='bbox 1163 754 1448 817; x_wconf 81' lang='lat' dir='ltr'>fatigiorum</span> 
     </span>
     <span class='ocr_line' id='line_1_9' title="bbox 41 835 1451 898; baseline -0.006 -13"><span class='ocrx_word' id='word_1_45' title='bbox 41 840 415 895; x_wconf 71' lang='lat' dir='ltr'>bonificatione,</span> <span class='ocrx_word' id='word_1_46' title='bbox 452 844 501 882; x_wconf 92' lang='lat' dir='ltr'>et</span> <span class='ocrx_word' id='word_1_47' title='bbox 530 836 842 882; x_wconf 81' lang='lat' dir='ltr'>investitione</span> <span class='ocrx_word' id='word_1_48' title='bbox 872 836 1106 898; x_wconf 84' lang='lat' dir='ltr'>possessi,</span> <span class='ocrx_word' id='word_1_49' title='bbox 1156 835 1451 896; x_wconf 73' lang='lat' dir='ltr'>exstirpatu-</span> 
     </span>
     <span class='ocr_line' id='line_1_10' title="bbox 44 915 1323 981; baseline -0.003 -16"><span class='ocrx_word' id='word_1_50' title='bbox 44 937 214 966; x_wconf 84' lang='lat' dir='ltr'>rarum</span> <span class='ocrx_word' id='word_1_51' title='bbox 241 920 439 966; x_wconf 89' lang='lat' dir='ltr'>nomine</span> <span class='ocrx_word' id='word_1_52' title='bbox 458 952 472 976; x_wconf 95' lang='lat'>,</span> <span class='ocrx_word' id='word_1_53' title='bbox 510 926 558 963; x_wconf 91' lang='lat' dir='ltr'>et</span> <span class='ocrx_word' id='word_1_54' title='bbox 592 919 936 981; x_wconf 85' lang='lat' dir='ltr'>redemptione</span> <span class='ocrx_word' id='word_1_55' title='bbox 968 934 1063 963; x_wconf 90' lang='lat' dir='ltr'>non</span> <span class='ocrx_word' id='word_1_56' title='bbox 1092 915 1323 981; x_wconf 76' lang='lat' dir='ltr'>gaudent.</span> 
     </span>
    </p>

    <p class='ocr_par' dir='ltr' id='par_1_4' title="bbox 41 997 1450 1779">
     <span class='ocr_line' id='line_1_11' title="bbox 169 997 1435 1061; baseline -0.005 -14"><span class='ocrx_word' id='word_1_57' title='bbox 169 1008 206 1054; x_wconf 82' lang='lat'>§.</span> <span class='ocrx_word' id='word_1_58' title='bbox 234 1013 277 1050; x_wconf 80' lang='lat'>3.</span> <span class='ocrx_word' id='word_1_59' title='bbox 342 1003 580 1046; x_wconf 88' lang='lat' dir='ltr'>Pascuum</span> <span class='ocrx_word' id='word_1_60' title='bbox 603 1015 692 1061; x_wconf 87' lang='lat' dir='ltr'>pro</span> <span class='ocrx_word' id='word_1_61' title='bbox 715 998 978 1061; x_wconf 85' lang='lat' dir='ltr'>pecoribus</span> <span class='ocrx_word' id='word_1_62' title='bbox 1011 997 1343 1052; x_wconf 84' lang='lat' dir='ltr'>subditorum,</span> <span class='ocrx_word' id='word_1_63' title='bbox 1381 997 1435 1041; x_wconf 86' lang='lat' dir='ltr'>in</span> 
     </span>
     <span class='ocr_line' id='line_1_12' title="bbox 47 1077 1445 1143; baseline -0.003 -18"><span class='ocrx_word' id='word_1_64' title='bbox 47 1088 282 1143; x_wconf 79' lang='lat' dir='ltr'>quantum</span> <span class='ocrx_word' id='word_1_65' title='bbox 321 1081 436 1125; x_wconf 91' lang='lat' dir='ltr'>situs</span> <span class='ocrx_word' id='word_1_66' title='bbox 473 1079 728 1125; x_wconf 88' lang='lat' dir='ltr'>territorio</span> <span class='ocrx_word' id='word_1_67' title='bbox 763 1078 1010 1134; x_wconf 75' lang='lat' dir='ltr'>admittit,</span> <span class='ocrx_word' id='word_1_68' title='bbox 1047 1077 1290 1122; x_wconf 82' lang='lat' dir='ltr'>sufficiens</span> <span class='ocrx_word' id='word_1_69' title='bbox 1317 1078 1445 1121; x_wconf 85' lang='lat' dir='ltr'>ordi-</span> 
     </span>
     <span class='ocr_line' id='line_1_13' title="bbox 43 1158 1446 1222; baseline -0.003 -16"><span class='ocrx_word' id='word_1_70' title='bbox 43 1168 215 1217; x_wconf 71' lang='lat' dir='ltr'>netur,</span> <span class='ocrx_word' id='word_1_71' title='bbox 252 1177 307 1204; x_wconf 86' lang='lat' dir='ltr'>ex</span> <span class='ocrx_word' id='word_1_72' title='bbox 337 1178 429 1222; x_wconf 85' lang='lat' dir='ltr'>quo</span> <span class='ocrx_word' id='word_1_73' title='bbox 455 1159 638 1204; x_wconf 89' lang='lat' dir='ltr'>colonis</span> <span class='ocrx_word' id='word_1_74' title='bbox 662 1175 774 1203; x_wconf 91' lang='lat' dir='ltr'>cum</span> <span class='ocrx_word' id='word_1_75' title='bbox 797 1159 1042 1222; x_wconf 78' lang='lat' dir='ltr'>praescita</span> <span class='ocrx_word' id='word_1_76' title='bbox 1069 1165 1116 1203; x_wconf 92' lang='lat' dir='ltr'>et</span> <span class='ocrx_word' id='word_1_77' title='bbox 1137 1158 1337 1202; x_wconf 86' lang='lat' dir='ltr'>indultu</span> <span class='ocrx_word' id='word_1_78' title='bbox 1364 1158 1446 1202; x_wconf 87' lang='lat' dir='ltr'>do-</span> 
     </span>
     <span class='ocr_line' id='line_1_14' title="bbox 42 1237 1450 1303; baseline -0.003 -18"><span class='ocrx_word' id='word_1_79' title='bbox 42 1240 215 1287; x_wconf 82' lang='lat' dir='ltr'>minali</span> <span class='ocrx_word' id='word_1_80' title='bbox 253 1256 345 1303; x_wconf 90' lang='lat' dir='ltr'>pro</span> <span class='ocrx_word' id='word_1_81' title='bbox 386 1239 626 1303; x_wconf 81' lang='lat' dir='ltr'>jugalibus</span> <span class='ocrx_word' id='word_1_82' title='bbox 659 1239 756 1284; x_wconf 91' lang='lat' dir='ltr'>suis</span> <span class='ocrx_word' id='word_1_83' title='bbox 803 1245 999 1301; x_wconf 87' lang='lat' dir='ltr'>partem</span> <span class='ocrx_word' id='word_1_84' title='bbox 1052 1237 1342 1293; x_wconf 81' lang='lat' dir='ltr'>excindere,</span> <span class='ocrx_word' id='word_1_85' title='bbox 1402 1243 1450 1281; x_wconf 90' lang='lat' dir='ltr'>et</span> 
     </span>
     <span class='ocr_line' id='line_1_15' title="bbox 41 1318 1447 1385; baseline -0.004 -19"><span class='ocrx_word' id='word_1_86' title='bbox 41 1322 312 1385; x_wconf 84' lang='lat' dir='ltr'>prohibere</span> <span class='ocrx_word' id='word_1_87' title='bbox 345 1322 488 1376; x_wconf 89' lang='lat' dir='ltr'>licet,</span> <span class='ocrx_word' id='word_1_88' title='bbox 544 1321 614 1364; x_wconf 89' lang='lat' dir='ltr'>ita</span> <span class='ocrx_word' id='word_1_89' title='bbox 649 1328 842 1376; x_wconf 87' lang='lat' dir='ltr'>tamen,</span> <span class='ocrx_word' id='word_1_90' title='bbox 890 1327 942 1364; x_wconf 84' lang='lat' dir='ltr'>ut</span> <span class='ocrx_word' id='word_1_91' title='bbox 967 1320 1168 1382; x_wconf 81' lang='lat' dir='ltr'>propria</span> <span class='ocrx_word' id='word_1_92' title='bbox 1191 1319 1339 1363; x_wconf 85' lang='lat' dir='ltr'>etiam</span> <span class='ocrx_word' id='word_1_93' title='bbox 1367 1318 1447 1361; x_wconf 91' lang='lat' dir='ltr'>do-</span> 
     </span>
     <span class='ocr_line' id='line_1_16' title="bbox 44 1398 1444 1462; baseline -0.002 -17"><span class='ocrx_word' id='word_1_94' title='bbox 44 1401 171 1445; x_wconf 88' lang='lat' dir='ltr'>mini</span> <span class='ocrx_word' id='word_1_95' title='bbox 202 1401 447 1445; x_wconf 87' lang='lat' dir='ltr'>terrestris</span> <span class='ocrx_word' id='word_1_96' title='bbox 481 1398 687 1462; x_wconf 80' lang='lat' dir='ltr'>jugalia,</span> <span class='ocrx_word' id='word_1_97' title='bbox 737 1401 1012 1445; x_wconf 85' lang='lat' dir='ltr'>nullatenus</span> <span class='ocrx_word' id='word_1_98' title='bbox 1049 1416 1167 1444; x_wconf 85' lang='lat' dir='ltr'>vero</span> <span class='ocrx_word' id='word_1_99' title='bbox 1203 1404 1444 1444; x_wconf 86' lang='lat' dir='ltr'>armenta-</span> 
     </span>
     <span class='ocr_line' id='line_1_17' title="bbox 44 1479 1442 1543; baseline -0.003 -17"><span class='ocrx_word' id='word_1_100' title='bbox 44 1481 111 1526; x_wconf 87' lang='lat' dir='ltr'>lia</span> <span class='ocrx_word' id='word_1_101' title='bbox 138 1496 321 1543; x_wconf 87' lang='lat' dir='ltr'>pecora</span> <span class='ocrx_word' id='word_1_102' title='bbox 349 1479 527 1527; x_wconf 89' lang='lat' dir='ltr'>eodem</span> <span class='ocrx_word' id='word_1_103' title='bbox 545 1479 616 1524; x_wconf 90' lang='lat' dir='ltr'>uti</span> <span class='ocrx_word' id='word_1_104' title='bbox 638 1480 826 1540; x_wconf 79' lang='lat' dir='ltr'>possint</span> <span class='ocrx_word' id='word_1_105' title='bbox 844 1513 858 1535; x_wconf 93' lang='lat'>,</span> <span class='ocrx_word' id='word_1_106' title='bbox 916 1479 1002 1524; x_wconf 81' lang='lat' dir='ltr'>uhi</span> <span class='ocrx_word' id='word_1_107' title='bbox 1020 1486 1182 1523; x_wconf 88' lang='lat' dir='ltr'>autem</span> <span class='ocrx_word' id='word_1_108' title='bbox 1206 1495 1442 1541; x_wconf 88' lang='lat' dir='ltr'>pascuum</span> 
     </span>
     <span class='ocr_line' id='line_1_18' title="bbox 45 1558 1445 1624; baseline -0.004 -17"><span class='ocrx_word' id='word_1_109' title='bbox 45 1561 147 1624; x_wconf 78' lang='lat' dir='ltr'>jam</span> <span class='ocrx_word' id='word_1_110' title='bbox 183 1561 401 1624; x_wconf 85' lang='lat' dir='ltr'>alioquin</span> <span class='ocrx_word' id='word_1_111' title='bbox 430 1560 579 1605; x_wconf 87' lang='lat' dir='ltr'>nimis</span> <span class='ocrx_word' id='word_1_112' title='bbox 609 1560 891 1605; x_wconf 87' lang='lat' dir='ltr'>restrictum</span> <span class='ocrx_word' id='word_1_113' title='bbox 914 1567 1069 1615; x_wconf 85' lang='lat' dir='ltr'>esset,</span> <span class='ocrx_word' id='word_1_114' title='bbox 1123 1558 1195 1603; x_wconf 87' lang='lat' dir='ltr'>ihi</span> <span class='ocrx_word' id='word_1_115' title='bbox 1216 1558 1337 1602; x_wconf 84' lang='lat' dir='ltr'>illud</span> <span class='ocrx_word' id='word_1_116' title='bbox 1360 1574 1445 1602; x_wconf 88' lang='lat' dir='ltr'>seu</span> 
     </span>
     <span class='ocr_line' id='line_1_19' title="bbox 47 1636 1449 1688; baseline -0.001 -2"><span class='ocrx_word' id='word_1_117' title='bbox 47 1641 364 1688; x_wconf 77' lang='lat' dir='ltr'>dominorum</span> <span class='ocrx_word' id='word_1_118' title='bbox 402 1640 718 1687; x_wconf 85' lang='lat' dir='ltr'>terrestrium</span> <span class='ocrx_word' id='word_1_119' title='bbox 752 1658 837 1686; x_wconf 91' lang='lat' dir='ltr'>seu</span> <span class='ocrx_word' id='word_1_120' title='bbox 872 1658 987 1686; x_wconf 85' lang='lat' dir='ltr'>vero</span> <span class='ocrx_word' id='word_1_121' title='bbox 1024 1638 1338 1683; x_wconf 84' lang='lat' dir='ltr'>subditorum</span> <span class='ocrx_word' id='word_1_122' title='bbox 1385 1636 1449 1684; x_wconf 88' lang='lat' dir='ltr'>fa-</span> 
     </span>
     <span class='ocr_line' id='line_1_20' title="bbox 51 1717 1441 1779; baseline -0.004 -13"><span class='ocrx_word' id='word_1_123' title='bbox 51 1729 125 1766; x_wconf 88' lang='lat' dir='ltr'>cto</span> <span class='ocrx_word' id='word_1_124' title='bbox 159 1737 284 1766; x_wconf 87' lang='lat' dir='ltr'>nova</span> <span class='ocrx_word' id='word_1_125' title='bbox 326 1721 669 1777; x_wconf 85' lang='lat' dir='ltr'>subaratione,</span> <span class='ocrx_word' id='word_1_126' title='bbox 727 1727 810 1765; x_wconf 77' lang='lat' dir='ltr'>aut</span> <span class='ocrx_word' id='word_1_127' title='bbox 843 1721 937 1764; x_wconf 89' lang='lat' dir='ltr'>alio</span> <span class='ocrx_word' id='word_1_128' title='bbox 971 1719 1118 1763; x_wconf 89' lang='lat' dir='ltr'>modo</span> <span class='ocrx_word' id='word_1_129' title='bbox 1149 1717 1305 1779; x_wconf 81' lang='lat' dir='ltr'>magis</span> <span class='ocrx_word' id='word_1_130' title='bbox 1343 1734 1441 1761; x_wconf 90' lang='lat' dir='ltr'>non</span> 
     </span>
    </p>
   </div>
   <div class='ocr_carea' id='block_1_3' title="bbox 43 1802 1443 1943">
    <p class='ocr_par' dir='ltr' id='par_1_5' title="bbox 43 1802 1443 1943">
     <span class='ocr_line' id='line_1_21' title="bbox 43 1802 426 1863; baseline -0.003 -17"><span class='ocrx_word' id='word_1_131' title='bbox 43 1802 426 1863; x_wconf 74' lang='lat' dir='ltr'>constringatur.</span> 
     </span>
     <span class='ocr_line' id='line_1_22' title="bbox 181 1877 1443 1943; baseline -0.004 -17"><span class='ocrx_word' id='word_1_132' title='bbox 181 1880 221 1940; x_wconf 84' lang='lat'>§.</span> <span class='ocrx_word' id='word_1_133' title='bbox 246 1886 290 1929; x_wconf 76' lang='grc'>4.</span> <span class='ocrx_word' id='word_1_134' title='bbox 325 1877 553 1943; x_wconf 84' lang='lat' dir='ltr'>Lignatio</span> <span class='ocrx_word' id='word_1_135' title='bbox 578 1877 761 1934; x_wconf 86' lang='lat' dir='ltr'>focalis,</span> <span class='ocrx_word' id='word_1_136' title='bbox 797 1877 883 1922; x_wconf 85' lang='lat' dir='ltr'>ubi</span> <span class='ocrx_word' id='word_1_137' title='bbox 906 1877 1062 1938; x_wconf 85' lang='lat' dir='ltr'>sylvae</span> <span class='ocrx_word' id='word_1_138' title='bbox 1087 1877 1443 1938; x_wconf 82' lang='lat' dir='ltr'>praeexistunt,</span> 
     </span>
    </p>
   </div>
   <div class='ocr_carea' id='block_1_4' title="bbox 11 1956 1450 2829">
    <p class='ocr_par' dir='ltr' id='par_1_6' title="bbox 11 1956 1450 2250">
     <span class='ocr_line' id='line_1_23' title="bbox 11 1956 1448 2019; baseline -0.003 -13"><span class='ocrx_word' id='word_1_139' title='bbox 11 1980 13 1982; x_wconf 92' lang='lat'>·</span> <span class='ocrx_word' id='word_1_140' title='bbox 51 1978 77 2006; x_wconf 87' lang='lat' dir='ltr'>e</span> <span class='ocrx_word' id='word_1_141' title='bbox 122 1959 374 2015; x_wconf 88' lang='lat' dir='ltr'>deciduis,</span> <span class='ocrx_word' id='word_1_142' title='bbox 422 1958 628 2003; x_wconf 82' lang='lat' dir='ltr'>aridisve</span> <span class='ocrx_word' id='word_1_143' title='bbox 661 1958 836 2019; x_wconf 82' lang='lat' dir='ltr'>ligniS,</span> <span class='ocrx_word' id='word_1_144' title='bbox 890 1964 934 2002; x_wconf 86' lang='lat' dir='ltr'>et</span> <span class='ocrx_word' id='word_1_145' title='bbox 969 1956 1020 2000; x_wconf 90' lang='lat' dir='ltr'>in</span> <span class='ocrx_word' id='word_1_146' title='bbox 1051 1957 1230 2001; x_wconf 82' lang='lat' dir='ltr'>horum</span> <span class='ocrx_word' id='word_1_147' title='bbox 1255 1957 1448 2003; x_wconf 84' lang='lat' dir='ltr'>defectu</span> 
     </span>
     <span class='ocr_line' id='line_1_24' title="bbox 51 2037 1443 2094; baseline -0.002 -8"><span class='ocrx_word' id='word_1_148' title='bbox 51 2041 202 2086; x_wconf 84' lang='lat' dir='ltr'>etiam</span> <span class='ocrx_word' id='word_1_149' title='bbox 237 2057 294 2086; x_wconf 86' lang='lat' dir='ltr'>ex</span> <span class='ocrx_word' id='word_1_150' title='bbox 333 2040 456 2085; x_wconf 84' lang='lat' dir='ltr'>vivis</span> <span class='ocrx_word' id='word_1_151' title='bbox 494 2037 779 2094; x_wconf 73' lang='lat' dir='ltr'>arboribus,</span> <span class='ocrx_word' id='word_1_152' title='bbox 839 2053 936 2083; x_wconf 89' lang='lat' dir='ltr'>non</span> <span class='ocrx_word' id='word_1_153' title='bbox 975 2043 1140 2082; x_wconf 83' lang='lat' dir='ltr'>tamen</span> <span class='ocrx_word' id='word_1_154' title='bbox 1173 2037 1443 2083; x_wconf 77' lang='lat' dir='ltr'>fructiferis</span> 
     </span>
     <span class='ocr_line' id='line_1_25' title="bbox 50 2117 1450 2183; baseline -0.004 -16"><span class='ocrx_word' id='word_1_155' title='bbox 50 2120 111 2167; x_wconf 71' lang='lat' dir='ltr'>ad</span> <span class='ocrx_word' id='word_1_156' title='bbox 148 2119 405 2183; x_wconf 85' lang='lat' dir='ltr'>propriam</span> <span class='ocrx_word' id='word_1_157' title='bbox 448 2119 679 2165; x_wconf 76' lang='lat' dir='ltr'>duntaxat</span> <span class='ocrx_word' id='word_1_158' title='bbox 723 2118 1060 2164; x_wconf 81' lang='lat' dir='ltr'>necessitatem</span> <span class='ocrx_word' id='word_1_159' title='bbox 1104 2117 1304 2164; x_wconf 87' lang='lat' dir='ltr'>subditis</span> <span class='ocrx_word' id='word_1_160' title='bbox 1346 2117 1450 2163; x_wconf 87' lang='lat' dir='ltr'>lici-</span> 
     </span>
     <span class='ocr_line' id='line_1_26' title="bbox 49 2207 221 2250; baseline 0.029 -5"><span class='ocrx_word' id='word_1_161' title='bbox 49 2207 98 2246; x_wconf 83' lang='lat' dir='ltr'>ta</span> <span class='ocrx_word' id='word_1_162' title='bbox 132 2207 221 2250; x_wconf 73' lang='lat' dir='ltr'>est·</span> 
     </span>
    </p>

    <p class='ocr_par' dir='ltr' id='par_1_7' title="bbox 52 2276 1450 2506">
     <span class='ocr_line' id='line_1_27' title="bbox 184 2276 1450 2344; baseline -0.005 -17"><span class='ocrx_word' id='word_1_163' title='bbox 184 2280 224 2341; x_wconf 80' lang='lat'>§.</span> <span class='ocrx_word' id='word_1_164' title='bbox 256 2292 300 2330; x_wconf 81' lang='lat'>5.</span> <span class='ocrx_word' id='word_1_165' title='bbox 365 2280 522 2344; x_wconf 75' lang='lat' dir='ltr'>Ligna</span> <span class='ocrx_word' id='word_1_166' title='bbox 574 2279 752 2324; x_wconf 82' lang='lat' dir='ltr'>aedilia</span> <span class='ocrx_word' id='word_1_167' title='bbox 800 2294 916 2341; x_wconf 82' lang='lat' dir='ltr'>erga</span> <span class='ocrx_word' id='word_1_168' title='bbox 953 2276 1329 2341; x_wconf 73' lang='lat' dir='ltr'>assignationem</span> <span class='ocrx_word' id='word_1_169' title='bbox 1369 2277 1450 2322; x_wconf 78' lang='lat' dir='ltr'>do-</span> 
     </span>
     <span class='ocr_line' id='line_1_28' title="bbox 52 2356 1448 2423; baseline -0.001 -19"><span class='ocrx_word' id='word_1_170' title='bbox 52 2360 227 2417; x_wconf 85' lang='lat' dir='ltr'>minii,</span> <span class='ocrx_word' id='word_1_171' title='bbox 289 2368 337 2406; x_wconf 88' lang='lat' dir='ltr'>et</span> <span class='ocrx_word' id='word_1_172' title='bbox 380 2362 613 2408; x_wconf 80' lang='lat' dir='ltr'>arborum</span> <span class='ocrx_word' id='word_1_173' title='bbox 669 2358 1062 2423; x_wconf 79' lang='lat' dir='ltr'>designationem</span> <span class='ocrx_word' id='word_1_174' title='bbox 1101 2356 1154 2401; x_wconf 88' lang='lat' dir='ltr'>in</span> <span class='ocrx_word' id='word_1_175' title='bbox 1196 2358 1448 2405; x_wconf 87' lang='lat' dir='ltr'>territorio</span> 
     </span>
     <span class='ocr_line' id='line_1_29' title="bbox 61 2440 1183 2506; baseline -0.003 -20"><span class='ocrx_word' id='word_1_176' title='bbox 61 2440 286 2502; x_wconf 85' lang='lat' dir='ltr'>ejusdem</span> <span class='ocrx_word' id='word_1_177' title='bbox 306 2443 401 2488; x_wconf 91' lang='lat' dir='ltr'>loci</span> <span class='ocrx_word' id='word_1_178' title='bbox 429 2442 629 2489; x_wconf 81' lang='lat' dir='ltr'>subditis</span> <span class='ocrx_word' id='word_1_179' title='bbox 657 2441 804 2506; x_wconf 79' lang='lat' dir='ltr'>gratis</span> <span class='ocrx_word' id='word_1_180' title='bbox 832 2440 1183 2485; x_wconf 81' lang='lat' dir='ltr'>concedantur.</span> 
     </span>
    </p>

    <p class='ocr_par' dir='ltr' id='par_1_8' title="bbox 54 2519 1450 2748">
     <span class='ocr_line' id='line_1_30' title="bbox 183 2519 1450 2586; baseline -0.004 -17"><span class='ocrx_word' id='word_1_181' title='bbox 183 2523 222 2583; x_wconf 83' lang='lat'>§.</span> <span class='ocrx_word' id='word_1_182' title='bbox 247 2527 290 2572; x_wconf 84' lang='lat'>6.</span> <span class='ocrx_word' id='word_1_183' title='bbox 359 2525 406 2571; x_wconf 88' lang='lat' dir='ltr'>Si</span> <span class='ocrx_word' id='word_1_184' title='bbox 445 2542 562 2570; x_wconf 89' lang='lat' dir='ltr'>vero</span> <span class='ocrx_word' id='word_1_185' title='bbox 594 2525 647 2569; x_wconf 90' lang='lat' dir='ltr'>in</span> <span class='ocrx_word' id='word_1_186' title='bbox 678 2523 880 2586; x_wconf 85' lang='lat' dir='ltr'>proprio</span> <span class='ocrx_word' id='word_1_187' title='bbox 913 2521 1168 2567; x_wconf 86' lang='lat' dir='ltr'>territorio</span> <span class='ocrx_word' id='word_1_188' title='bbox 1210 2519 1271 2566; x_wconf 87' lang='lat' dir='ltr'>ob</span> <span class='ocrx_word' id='word_1_189' title='bbox 1315 2520 1450 2565; x_wconf 84' lang='lat' dir='ltr'>exili-</span> 
     </span>
     <span class='ocr_line' id='line_1_31' title="bbox 54 2603 1448 2666; baseline -0.001 -18"><span class='ocrx_word' id='word_1_190' title='bbox 54 2609 207 2648; x_wconf 76' lang='lat' dir='ltr'>tatem</span> <span class='ocrx_word' id='word_1_191' title='bbox 237 2604 479 2666; x_wconf 81' lang='lat' dir='ltr'>sylvarum</span> <span class='ocrx_word' id='word_1_192' title='bbox 519 2622 615 2651; x_wconf 92' lang='lat' dir='ltr'>non</span> <span class='ocrx_word' id='word_1_193' title='bbox 643 2604 915 2659; x_wconf 84' lang='lat' dir='ltr'>suffecerit,</span> <span class='ocrx_word' id='word_1_194' title='bbox 964 2603 1109 2648; x_wconf 77' lang='lat' dir='ltr'>etiam</span> <span class='ocrx_word' id='word_1_195' title='bbox 1152 2604 1203 2649; x_wconf 89' lang='lat' dir='ltr'>in</span> <span class='ocrx_word' id='word_1_196' title='bbox 1233 2603 1338 2648; x_wconf 79' lang='lat' dir='ltr'>aliis</span> <span class='ocrx_word' id='word_1_197' title='bbox 1366 2604 1448 2648; x_wconf 85' lang='lat' dir='ltr'>do-</span> 
     </span>
     <span class='ocr_line' id='line_1_32' title="bbox 54 2684 1316 2748; baseline 0 -18"><span class='ocrx_word' id='word_1_198' title='bbox 54 2685 198 2732; x_wconf 87' lang='lat' dir='ltr'>minii</span> <span class='ocrx_word' id='word_1_199' title='bbox 220 2685 358 2747; x_wconf 85' lang='lat' dir='ltr'>sylvis</span> <span class='ocrx_word' id='word_1_200' title='bbox 383 2686 749 2748; x_wconf 83' lang='lat' dir='ltr'>proportionate</span> <span class='ocrx_word' id='word_1_201' title='bbox 776 2684 1075 2730; x_wconf 81' lang='lat' dir='ltr'>admittenda</span> <span class='ocrx_word' id='word_1_202' title='bbox 1102 2684 1316 2748; x_wconf 80' lang='lat' dir='ltr'>lignatio.</span> 
     </span>
    </p>

    <p class='ocr_par' dir='ltr' id='par_1_9' title="bbox 186 2765 1447 2829">
     <span class='ocr_line' id='line_1_33' title="bbox 186 2765 1447 2829; baseline -0.006 -12"><span class='ocrx_word' id='word_1_203' title='bbox 186 2766 227 2829; x_wconf 59' lang='grc' dir='ltr'>ᾗ.</span> <span class='ocrx_word' id='word_1_204' title='bbox 256 2781 296 2817; x_wconf 81' lang='lat'>7.</span> <span class='ocrx_word' id='word_1_205' title='bbox 367 2767 676 2817; x_wconf 76' lang='lat' dir='ltr'>Glandinatio</span> <span class='ocrx_word' id='word_1_206' title='bbox 704 2768 903 2818; x_wconf 80' lang='lat' dir='ltr'>subditis</span> <span class='ocrx_word' id='word_1_207' title='bbox 926 2767 975 2816; x_wconf 90' lang='lat' dir='ltr'>in</span> <span class='ocrx_word' id='word_1_208' title='bbox 997 2767 1246 2816; x_wconf 84' lang='lat' dir='ltr'>territorio</span> <span class='ocrx_word' id='word_1_209' title='bbox 1273 2765 1447 2813; x_wconf 54' lang='lat' dir='ltr'>incola,</span> 
     </span>
    </p>
   </div>
  </div>
 </body>
</html>
