1669 3189
592 199 664 212 ψ...
722 185 807 233 427
865 199 936 212 n..

76 287 312 333 moniales
340 303 442 332 suas
477 286 691 345 hahere,
749 294 797 332 et
824 286 931 331 illas
956 299 1046 348 pro
1070 283 1205 329 omni
1237 290 1462 345 tempore

72 368 340 431 producere
364 375 642 417 teneantur,
1055 367 1057 371 ⁴

204 450 336 492 Anno
372 458 511 496 1780.
544 449 621 492 die
650 458 726 496 28.
754 445 964 508 januarii
1008 462 1112 490 nro.
1137 449 1278 499 6529.
1305 442 1464 487 obser.

73 535 182 575 vato
215 546 271 574 eo
292 563 303 579 ,
343 530 470 592 quod
498 534 776 589 geometrae
804 542 901 570 non
929 543 1018 586 per
1045 543 1120 581 se,
1176 540 1348 569 verum
1373 541 1463 586 per

75 626 179 653 suos
206 609 521 670 practicantes
564 613 781 666 peractas
816 604 1147 649 dimensiones
1179 606 1466 668 subscripse-

12 742 15 744 ς
73 691 198 743 rint,
236 688 351 748 quin
378 686 577 731 aliunde
605 685 713 731 erui
739 692 922 748 posset,
970 685 1101 746 quod
1122 685 1366 732 talismodi
1398 686 1469 732 di-

16 794 18 796 ·
72 768 378 814 mensionum
416 766 696 814 realitatem
730 766 866 829 prius
913 765 1285 828 cognovissent,
1355 767 1466 812 ideo

74 850 132 893 ad
159 850 517 911 praecavendas
555 848 885 904 confusiones,
920 846 1073 891 iidem
1097 862 1187 908 pro
1222 846 1385 891 futuro
1410 865 1468 894 eo

73 929 291 975 inviandi
334 929 655 985 ordinantur,
716 935 768 973 ut
808 944 979 973 omnes
1026 928 1350 989 geometricas
1403 929 1471 972 ‹li-

74 1010 376 1065 mensiones,
424 1027 516 1072 per
540 1009 862 1072 practicantes
892 1024 997 1053 suos
1035 1006 1276 1054 institutas
1297 1042 1310 1064 ‚
1358 1008 1470 1069 ipsi,

72 1093 207 1136 velut
234 1109 323 1154 pro
365 1090 605 1136 eiusmodi
645 1088 1011 1153 operationibus
1042 1087 1284 1149 adjurati,
1333 1088 1383 1133 in
1410 1088 1474 1131 sa-

78 1172 149 1216 cie
184 1174 404 1217 locorum
438 1172 531 1216 rite
569 1171 876 1226 combinent,
925 1170 1218 1232 corrigenda
1254 1185 1365 1213 cum
1398 1184 1474 1212 re-

74 1250 298 1313 spectis-is
327 1252 770 1314 n·1agistratualibus
792 1250 949 1311 (juxta
976 1249 1346 1298 conscientiam)
1373 1264 1475 1292 cor-

73 1331 259 1393 rigant,
297 1348 348 1375 ae
380 1333 429 1375 in
454 1337 689 1391 quantum
720 1330 902 1373 subditi
923 1328 1222 1373 damnificati
1251 1327 1471 1383 fuissent,

75 1410 260 1453 calculo
287 1408 598 1452 arithmetico
620 1415 809 1463 eruant,
846 1414 895 1451 et
919 1414 1114 1452 eatenus
1138 1408 1189 1451 hi
1215 1407 1471 1452 indemnes

75 1489 360 1534 reddantur,

199 1563 341 1613 'Anno
379 1570 517 1615 1734.
547 1566 626 1610 die
654 1577 730 1613 27.
760 1564 996 1610 februarii
1024 1580 1132 1609 nr0.
1170 1569 1311 1612 1846.
1347 1583 1474 1611 reso-

73 1650 234 1695 lutum
279 1654 378 1702 est,
441 1646 572 1709 quod
614 1652 860 1689 terrarum
897 1642 1253 1701 dimensiones,
1325 1648 1475 1690 etiam

75 1729 255 1792 privati
284 1726 554 1771 dominales
582 1730 860 1786 geometrae
878 1755 890 1778 ,
928 1723 1066 1767 solito
1092 1722 1371 1784 juramento
1398 1728 1478 1771 ob-

80 1808 237 1854 stricti
282 1805 533 1851 instituere
585 1803 798 1866 possint,
861 1803 1129 1848 dummodo
1167 1806 1476 1867 operationes

75 1892 297 1953 ipsorum
338 1887 582 1937 (instituta
628 1884 829 1947 praevie
858 1901 950 1947 per
986 1886 1239 1931 comitatus
1277 1904 1475 1949 geome-

80 1978 210 2015 tram
234 1967 591 2013 accuratissima
613 1965 781 2026 proba,
823 1965 1191 2028 rectificatisque
1211 1968 1477 2013 rectifican-

78 2051 178 2102 dis)
212 2048 496 2095 modaiitate
528 2047 828 2109 praescripta
869 2048 1248 2094 autenticentur.
1321 2051 1475 2094 Usum

79 2128 244 2178 tamen
289 2128 680 2175 comitatensium
733 2134 1104 2190 geometrarum
1155 2128 1474 2175 adhibitionis

80 2202 179 2272 jam
212 2212 290 2256 vel
331 2212 390 2256 ad
430 2210 704 2255 evitandam
745 2208 1115 2253 interessentiae
1160 2210 1476 2273 compromis-

82 2292 269 2338 sionem
293 2291 566 2355 generatim
595 2287 853 2336 invaluisse
872 2320 887 2344 ,
925 2288 1227 2338 observatur,

635 2508 702 2519 m
709 2503 918 2518 *wmwvws
