1669 3189
669 146 1010 199 mssqo-a

300 272 342 310 5.
378 258 548 306 Coloni
584 250 903 314 inHungaria
932 247 1145 293 subsidia
1182 247 1299 294 dant
1333 250 1549 294 occasio·

170 358 230 390 ne
291 340 573 403 nuptiarum
640 330 828 377 domini
882 328 1154 384 terrestris,
1209 329 1547 389 primitiarum

167 426 286 470 item
310 455 323 478 ,
362 437 450 465 nec
470 434 565 462 non
590 428 681 475 pro
714 411 1052 473 redemptione
1088 407 1273 452 domini
1304 409 1549 454 terrestris

170 518 228 547 ex
261 499 540 561 captivitate
567 492 762 548 hostili,
801 491 1030 536 diaetalia
1061 487 1177 533 item
1221 485 1469 542 subsidia,
1504 495 1551 533 et

168 584 412 645 praestant
450 575 647 636 longam
671 578 944 626 vecturam,
979 569 1137 614 coloni
1181 575 1346 611 autem
1383 567 1435 612 in
1474 567 1562 615 Ba.

173 668 288 708 natu
318 658 376 701 ab
408 654 481 700 his
518 655 765 699 immunes
796 660 920 700 sunt.
989 651 1043 694 In
1078 651 1242 693 locum
1279 653 1443 692 autem
1477 663 1564 692 no-

169 757 257 786 nae
289 737 417 799 juxta
447 733 700 780 urbarium
738 731 1063 794 hungaricam
1097 726 1335 774 stabilitae
1379 727 1433 771 in
1466 729 1553 772 Ba-

173 827 290 868 natu
316 816 505 862 decima
529 814 748 859 dominio
788 810 1097 873 dependitur.

302 902 348 946 6-
383 896 551 960 Quoad
580 895 825 950 robottas;
862 893 1022 937 coloni
1046 893 1098 936 in
1133 888 1386 950 Hungaria
1403 887 1489 931 has
1510 885 1564 930 in

175 987 349 1026 natura
379 983 650 1040 praestant,
687 990 844 1036 neque
885 975 936 1018 in
979 974 1087 1040 ipso
1129 971 1329 1034 urbario
1368 966 1566 1014 reluitio

178 1061 448 1106 earundem
491 1060 549 1103 ad
591 1056 868 1119 specificum
907 1055 1108 1099 reducta
1164 1062 1245 1099 aut
1292 1050 1569 1113 organisata

177 1149 276 1197 est3
313 1139 529 1202 generali
568 1145 757 1180 tantum
776 1142 972 1179 eatenus
989 1133 1269 1194 provisione
1304 1131 1565 1184 existente,

175 1219 227 1263 in
260 1221 443 1262 Banatu
471 1224 633 1264 autem
659 1215 792 1275 juxta
820 1213 1029 1255 defixam
1068 1219 1115 1255 et
1149 1212 1465 1272 adprobatam
1503 1216 1571 1253 ta-

175 1296 353 1340 bellam
386 1300 607 1338 accurate
627 1327 640 1349 ‚
677 1299 913 1354 quantum
933 1292 1128 1336 colonus
1155 1290 1207 1335 in
1234 1297 1408 1336 natura
1428 1305 1568 1352 prae-

177 1381 294 1429 stet,
333 1380 447 1435 quot
473 1374 594 1416 item
625 1360 839 1416 robo'ttas
866 1371 1054 1425 reluat,
1092 1368 1144 1413 in
1177 1371 1350 1413 eadem
1391 1371 1571 1416 tabella

176 1454 562 1499 determinatum
607 1458 708 1508 est3
753 1456 900 1512 prout
940 1465 1024 1493 suo
1064 1449 1170 1493 loco
1220 1448 1417 1494 uberius
1456 1455 1572 1494 atta-

179 1541 310 1579 ctum
338 1540 423 1579 est.

292 1617 350 1660 7.
389 1610 569 1657 Fundis
602 1611 1029 1656 constitutis-orum
1054 1608 1388 1654 sessionalium
1411 1606 1463 1652 in
1482 1608 1573 1651 Ba·

177 1702 294 1741 natu
329 1693 550 1737 inhaeret
585 1709 731 1747 onus;
774 1691 884 1752 quia
905 1691 1178 1748 [urbarium
1210 1688 1568 1751 proprietatem

182 1775 448 1819 fundorum
490 1771 824 1817 sessionalium
868 1771 1048 1815 colonis
1098 1785 1315 1815 securam
1375 1767 1568 1825 reddit3

183 1855 409 1914 aliudque
435 1853 580 1897 etiam
607 1851 979 1896 contributionis
997 1883 1011 1905 ‚
1050 1865 1195 1911 quam
1224 1849 1278 1894 in
1303 1849 1569 1912 Hungaria‚

183 1934 371 1979 obtinet
406 1940 652 1994 systema,
705 1948 729 1976 e
770 1939 937 1976 contra
990 1929 1149 1974 fundis
1192 1929 1244 1974 in
1292 1930 1576 1992 hungaricis

183 2014 494 2058 comitatibus
533 2013 702 2074 vigore
755 2011 946 2055 articuli
1007 2009 1410 2055 constitutionalis
1455 2027 1574 2055 onus

182 2110 278 2138 non
316 2091 561 2148 inhaeret,
600 2093 821 2155 adeoque
852 2090 1230 2136 concomitantia
1259 2089 1406 2134 etiam
1438 2091 1573 2151 jura,

179 2172 337 2234 iisque
366 2173 706 2218 admensurata
731 2190 881 2219 onera
905 2173 1233 2218 differentiam
1265 2187 1465 2216 causare
1493 2171 1574 2214 de-

182 2251 337 2300 beant.

314 2343 355 2381 8.
394 2332 536 2396 Quod
566 2333 702 2395 juxta
731 2333 987 2378 urbarium
1023 2332 1347 2394 hungaricum
1386 2329 1575 2392 signan-

185 2420 259 2457 ter
284 2421 444 2473 punct.
472 2412 567 2472 2.§.
599 2424 640 2461 5.
671 2420 714 2458 et
745 2413 978 2461 6.colonis
996 2411 1200 2474 lignatio
1230 2411 1396 2456 aedilis
1432 2418 1479 2455 et
1504 2409 1572 2455 fo-

187 2492 297 2538 calis
319 2524 330 2546 ,
368 2493 447 2537 ubi
475 2494 630 2554 sylvae
668 2494 866 2549 adsunt,
903 2509 1020 2555 erga
1053 2492 1323 2536 sectionem
1353 2499 1397 2537 et
1434 2492 1574 2536 deve-

188 2571 397 2614 ctionem
432 2573 676 2634 lignorum
723 2591 813 2636 pro
850 2581 989 2636 parte
1046 2573 1252 2618 dominii
1295 2571 1467 2617 iisdem
1503 2570 1575 2614 in·

188 2652 495 2696 cumbentern
528 2671 657 2699 secus
693 2655 838 2718 gratis
882 2661 1147 2715 competat,
1183 2653 1232 2697 in
1271 2653 1458 2698 Banatu
1491 2666 1570 2694 au-

186 2738 288 2776 tem
318 2731 634 2795 lignationem
660 2737 784 2784 hanc
809 2754 906 2784 non
930 2735 1079 2800 gratis
1101 2768 1115 2793 ‚
1145 2734 1228 2782 sed
1268 2749 1381 2799 erga
1416 2738 1575 2778 taxam
