1669 3189
577 200 646 220 ω’
703 182 788 237 475
849 199 919 212 *m
947 225 951 227 .

30 303 178 347 fanno
195 287 371 335 abhinc
395 291 532 345 1769.
559 288 611 335 in
639 306 748 336 arce
767 289 958 337 Nitriae
989 289 1232 335 celebrata
1257 283 1457 349 congre·

60 369 279 434 gatione,
309 388 425 433 erga
461 371 732 433 benignum
767 369 1114 415 sacratissimae
1148 383 1369 413 caesareo
1411 373 1460 412 et

54 449 191 513 regio
223 451 514 513 apostolicae
543 449 808 511 Majestatis
841 449 1105 510 positivum
1146 455 1193 493 et
1238 447 1463 493 inaltera-

50 533 150 579 bile
181 533 481 587 mandatum,
502 546 594 592 per
625 530 939 591 spectabilem
962 546 1013 574 ac
1033 528 1351 594 magnificum
1376 527 1461 572 do-

53 615 245 659 minum
291 609 630 655 comissarium
683 609 880 670 regium
925 609 1021 653 fine
1061 608 1370 670 peragendae
1405 605 1461 651 in

54 692 352 758 'possessione
366 692 501 752 Nagy
521 690 672 734 Bilicz
693 689 753 733 ad
778 688 1172 733 illustrissimum
1199 689 1457 733 dominum

50 775 290 820 baronem
333 771 597 818 Antonium
661 769 1024 831 Mednyanszky
1070 770 1129 813 de
1181 769 1417 830 Medgyes
1440 799 1456 824 ,

51 852 342 914 spectabiles
375 852 494 895 item
522 867 575 894 ac
591 851 892 911 perillustres
924 850 1148 895 dominos
1171 849 1456 894 Emericum

50 932 281 993 Bossanyi
317 931 376 976 de
409 933 545 994 Nagy
568 931 783 986 Bessan,
818 930 1090 991 Josephum
1131 938 1178 974 et
1221 928 1456 974 Carolum

52 1016 258 1075 Hvassay
287 1013 346 1058 de
385 1012 585 1068 eadem,
663 1020 710 1057 et
750 1012 1021 1073 Josephum
1060 1012 1305 1075 Pongracz
1350 1025 1456 1071 spe-

56 1100 216 1137 ctante
240 1127 253 1149 ,
293 1100 340 1138 et
369 1093 650 1155 pertinente
686 1092 957 1154 praelibato
988 1091 1157 1136 inclito
1198 1087 1456 1134 comitatui

49 1173 286 1220 Nitriensi
324 1173 620 1235 ingremiata
667 1172 959 1235 degentium
1002 1173 1299 1217 colonorum
1325 1203 1339 1226 ,
1377 1185 1454 1213 eo-

46 1254 355 1314 rundemque
380 1259 481 1295 tam
509 1252 667 1309 intra,
705 1269 853 1315 quam
885 1253 1320 1298 extravillanorum
1343 1248 1454 1293 fun-

48 1333 229 1378 dorum
251 1332 629 1392 conscriptionis
645 1365 658 1388 ,
704 1340 753 1376 et
781 1332 1166 1378 introducendae
1188 1332 1241 1376 in
1265 1337 1456 1393 praeat-

53 1419 234 1456 tactam
266 1411 630 1472 possessionem
653 1413 703 1456 b·
733 1413 991 1458 urbarialis
1025 1413 1351 1477 regulationis
1397 1410 1458 1454 ad

55 1491 353 1554 exigentiam
375 1492 420 1537 b.
443 1490 782 1536 instructionis
826 1494 994 1554 regiae
1035 1511 1128 1555 pro
1171 1490 1454 1554 exequenti-

17 1579 24 1582 ”
46 1572 134 1616 bus
162 1570 383 1633 deputati
417 1571 675 1617 fuissemus
694 1605 707 1628 9
743 1579 847 1617 tam
873 1572 924 1617 in
963 1572 1332 1617 conscribendis
1357 1588 1454 1615 me-

44 1659 265 1698 moratae
299 1652 622 1715 possessionis
659 1653 826 1710 intra,
882 1659 931 1697 et
975 1652 1304 1698 extravillanis
1351 1651 1455 1696 fun-

47 1732 150 1789 dis,
187 1749 333 1794 quam
364 1749 478 1778 vero
511 1733 564 1778 in
613 1734 896 1778 executione
941 1739 1144 1779 attactae
1191 1731 1451 1777 urbm-iaiis

46 1812 369 1875 regulationis
399 1812 459 1856 ad
489 1811 785 1874 exigentiam
817 1813 1058 1875 benignae
1096 1812 1451 1875 exequentibus

50 1893 319 1937 extraditae
341 1892 677 1939 instructionis
703 1894 872 1957 regiae
896 1894 1043 1938 modo
1082 1900 1130 1937 et
1158 1893 1330 1938 ordine
1345 1891 1453 1937 sub-

47 1956 181 2019 nexis
208 1973 605 2034 processerimus,

181 2051 440 2097 Not-{ficato
471 2051 668 2113 praevie
702 2053 974 2098 terrestrali
1033 2053 1254 2099 dominio
1298 2061 1346 2099 et
1383 2052 1452 2098 in-

52 2131 167 2176 colis
202 2139 406 2178 attactae
433 2133 743 2194 possessionis
768 2135 923 2178 exitus
954 2135 1107 2179 nostri
1159 2135 1266 2191 die,
1318 2135 1451 2195 adju-

51 2213 168 2258 ratis
198 2213 250 2258 in
275 2215 553 2275 praesentia
581 2216 875 2260 terrestralis
908 2214 1117 2259 dominii
1143 2213 1335 2273 judice,
1380 2212 1450 2273 ju-

51 2294 174 2339 ratis
192 2327 206 2350 9
243 2301 289 2338 et
312 2295 584 2342 senioribus
602 2330 616 2353 ,
653 2296 705 2340 fa
725 2314 743 2340 s
760 2295 847 2340 sio
867 2314 897 2340 n
917 2313 941 2340 e
960 2314 977 2340 s
1004 2296 1209 2340 illorum
1251 2312 1276 2340 a
1293 2296 1323 2340 d
1356 2311 1451 2338 no-

47 2391 187 2421 vem
224 2375 758 2439 interrogatoria
792 2382 1035 2438 puncta
1069 2377 1339 2422 secundum
1367 2391 1450 2431 ea,

48 2473 172 2520 quae
198 2455 248 2501 in
273 2456 511 2519 benignae
535 2457 868 2502 instructionis
914 2456 1078 2519 regiae
1114 2473 1217 2519 cap.
1255 2458 1289 2502 Ι.
1318 2469 1437 2518 prae

52 2538 335 2584 scribuntur
383 2543 460 2588 (ut
499 2538 742 2583 adnexum
785 2555 898 2583 cum
943 2537 1186 2600 responsis
1232 2536 1446 2584 exhibet)

55 2618 357 2681 excepimus,

182 2701 219 2745 C
236 2715 343 2744 ons
360 2698 493 2760 erip
514 2699 596 2742 tis
622 2706 791 2760 expost
823 2699 883 2744 ad
933 2700 1289 2762 praescriptum
1314 2694 1447 2742 beni-

50 2797 171 2843 gnae
186 2780 405 2844 ejusdem
433 2780 768 2829 instructionis
794 2781 958 2844 regiae
977 2797 1078 2845 cap.
1094 2781 1157 2827 ΙΙ.
1187 2776 1444 2845 (quemad-
