1669 3189
617 140 838 190 ...0467
903 162 974 174 ...-

226 245 297 293 Ex
326 242 499 307 juratis
539 242 829 288 colonorum
879 240 1166 288 fassionibus
1218 241 1281 287 ad
1313 258 1491 288 novem

92 326 268 374 idealia
300 331 481 388 puncta
505 323 697 381 elicitis,
722 322 772 369 in
794 323 1266 386 possessione'Sando
1298 325 1495 370 comita-

94 414 149 452 tu
180 406 395 468 Stimegh
427 405 740 449 observatum
782 403 911 458 suit,
962 405 1013 447 in
1054 403 1373 466 promontori
1403 411 1498 448 ter-

94 504 215 532 reno
272 486 431 530 dictae
472 482 789 544 possessionis
833 482 1182 544 incorporato,
1235 484 1339 529 loco
1374 485 1495 546 juris

92 565 344 619 montani,
416 562 686 607 secundum
733 555 1001 606 numerum
1049 563 1291 608 fossorum
1340 567 1495 628 pintas

91 646 271 701 musti,
332 642 552 688 dominio
589 641 983 697 administratas,
1036 645 1389 709 occasioneque
1424 665 1496 705 ea,

100 727 218 771 dum
260 724 560 786 posoniensis
589 738 817 768 mensura
843 722 1009 767 induci
1039 724 1302 782 debuisset,
1333 745 1499 790 quam..

90 806 213 852 libet
262 803 679 864 montanistarum
719 803 915 849 vineam
955 803 1104 866 orgiis
1145 806 1389 866 regalibus
1428 808 1498 852 di„

93 891 437 932 mensuratum
496 882 677 942 fuisse3
741 900 852 928 cum
903 891 1070 929 autem
1106 885 1330 929 medium
1369 886 1502 950 juge.

87 985 202 1024 rum
218 965 360 1011 unius
380 971 623 1008 metretae
636 965 932 1026 posoniensis
956 981 1102 1027 capax
1123 974 1257 1016 (sunt
1272 965 1527 1012 formalia*

97 1045 292 1093 exmissi
318 1044 725 1108 magistratualis)
760 1046 925 1109 orgiae
953 1047 1144 1109 regales
1179 1050 1271 1094 560
1307 1047 1359 1091 in
1388 1065 1501 1109 qua-

94 1127 186 1172 dro
211 1127 444 1183 facerent,
478 1127 590 1172 ideo
615 1125 677 1170 ad
706 1127 931 1171 medium
961 1128 1053 1173 tale
1080 1126 1310 1190 jugerum
1329 1146 1501 1189 unum,

97 1223 276 1251 urnam
304 1207 678 1267 posoniensem,
730 1215 778 1251 et
828 1208 894 1252 sic
929 1225 955 1252 a
996 1209 1315 1268 proportione
1354 1209 1504 1254 consi-

98 1286 313 1332 derando
344 1286 507 1330 taliter
537 1286 922 1347 praestationem
954 1286 1078 1348 juris
1123 1288 1346 1333 montani
1373 1288 1497 1333 indi-

99 1362 366 1409 vidualiter
395 1364 698 1408 elaboratam
724 1365 972 1420 extitisse,
1009 1380 1135 1410 anno
1175 1372 1314 1415 1707.
1351 1369 1430 1413 die
1449 1374 1499 1419 4ι

96 1445 326 1492 octobris.
357 1468 421 1474 -—-
474 1444 545 1487 Ex
567 1443 684 1487 actis
711 1449 879 1508 autem
905 1444 1020 1487 anni
1053 1454 1191 1493 1787.
1217 1447 1296 1491 die
1323 1448 1399 1494 26.
1423 1464 1503 1492 no-

97 1526 313 1572 vembris
345 1523 576 1569 relationi
615 1523 893 1585 exequentis
933 1521 1315 1585 magistratualis
1349 1529 1504 1571 acclu-

99 1607 162 1652 sis
218 1607 445 1669 patebat,
496 1605 628 1667 quod
681 1603 919 1649 dimensio
968 1603 1027 1647 ab
1063 1603 1218 1665 orgiis
1253 1605 1501 1668 regalibus

107 1688 356 1750 quadratis
388 1692 480 1736 560
529 1685 666 1748 juxta
698 1684 1055 1747 tripartitalem
1099 1685 1261 1748 legem
1293 1694 1503 1748 sumpta,

103 1777 152 1814 et
180 1775 378 1831 peracta
428 1765 681 1823 extiterit,
727 1782 852 1828 quae
896 1765 1197 1828 geometrice
1245 1766 1305 1810 ad
1342 1767 1503 1829 orgias

104 1848 359 1910 quadratas
399 1848 686 1894 viennenses
728 1837 933 1891 reducta
982 1843 1167 1888 faceret
1211 1847 1370 1911 orgias
1406 1852 1500 1894 640

105 1935 249 1990 atque
279 1928 390 1972 ideo
432 1927 580 1971 modo
613 1943 640 1971 a
669 1925 879 1988 singulis
921 1929 1031 1982 640,
1069 1925 1218 1987 orgiis
1252 1925 1503 1987 quadratis

102 2018 175 2055 est
202 2008 402 2071 ejectata
426 2009 569 2053 titulo
609 2006 729 2067 juris
757 2007 977 2052 montani
1005 2023 1129 2052 urna
1157 2022 1270 2062 una,
1307 2013 1352 2050 et
1388 2006 1506 2050 haec

103 2080 332 2146 ejectatio
369 2085 501 2146 juxta
542 2086 771 2147 priorem
810 2103 987 2143 usum,
1036 2087 1129 2143 ita,
1166 2095 1218 2132 ut
1253 2085 1508 2130 subvineta

106 2167 302 2230 'quoque
333 2165 574 2211 usuahilia
607 2166 707 2228 juri
739 2174 971 2212 montano
1013 2168 1220 2222 inclusa,
1276 2165 1508 2226 subjecta-

110 2263 204 2309 que
234 2263 337 2292 esse
381 2247 747 2309 intelligantur3
792 2254 990 2309 peracta
1013 2254 1098 2294 est.
1167 2248 1221 2289 In
1261 2253 1509 2291 contractu

104 2327 420 2391 possessionis
447 2329 580 2385 Iuke,
615 2328 675 2372 de
709 2344 834 2372 anno
870 2334 1172 2390 1754.patet‚
1198 2329 1353 2389 quoad
1372 2344 1510 2390 prae-

109 2410 369 2454 stationem
399 2409 519 2472 juris
544 2410 766 2455 montani
792 2426 905 2454 eum
918 2426 1062 2455 usum
1090 2409 1254 2474 fuisse,
1291 2415 1343 2453 ut
1369 2425 1395 2452 a
1420 2407 1511 2453 sin-

111 2491 238 2553 gulis
269 2489 470 2552 triginta
501 2492 697 2537 ordines
739 2491 1112 2536 numerantibus
1139 2489 1320 2545 vineis,
1370 2489 1510 2534 titulo

109 2570 233 2633 juris
269 2572 492 2617 montani
522 2572 637 2616 duas
663 2587 841 2627 urnas,
887 2571 1120 2615 eubulum
1151 2570 1268 2641 item
1305 2585 1504 2622 avenae,

114 2658 164 2694 et
190 2669 346 2696 unum
374 2668 609 2714 caponem
643 2668 755 2696 cum
791 2650 1140 2712 redemptione
1181 2666 1273 2712 per
1305 2657 1511 2713 quatuor

105 2747 340 2792 grossos,
390 2730 739 2793 praestiterint.
786 2757 849 2765 ——
909 2729 1177 2776 Ordinibus
1235 2731 1510 2786 vinearum,

1081 2812 1253 2874 Ggsz
