1669 3189
594 189 664 201 „m
720 175 804 222 4¹7
862 187 932 198 w..

65 278 127 323 de
169 274 430 338 capacitate
461 288 693 337 agrorum
727 268 1220 335 probamssinstituant
1241 302 1254 324 ,
1290 275 1341 313 ut
1374 269 1452 314 vel

63 360 152 404 hac
179 358 257 403 via
288 363 604 419 cognoscant,
642 371 703 399 an
741 371 829 415 per
855 354 1053 397 colonos
1083 350 1298 394 revelata
1331 349 1453 394 veri-

62 437 152 481 tati
180 437 275 482 sint
301 443 648 490 consentanea,
684 450 772 478 nec
813 431 914 477 ne?
949 433 1094 476 Instr.
1136 446 1271 491 exeq.
1318 445 1451 490 mag.

66 533 168 578 cap.
193 531 236 562 2.
270 515 309 575 ἕ.
347 528 389 562 7.
426 522 473 559 et
498 524 544 562 8.
590 524 595 526 “

198 595 498 655 Conscriptio
525 591 671 652 hujus
694 591 882 653 generis
898 624 911 647 ,
939 607 1063 652 quae
1086 592 1457 636 fundamentum

65 677 213 721 etiam
259 672 437 718 ceteris
495 671 866 734 operationibus
908 671 1244 716 urharialibus
1286 685 1459 732 suppe-

67 757 219 812 ditat,
255 755 391 799 omni
422 769 532 798 cum
566 752 925 807 exactitudine,
961 752 1094 807 zelo,
1132 758 1181 795 et
1215 749 1461 794 sincerita-

69 842 140 892 to,
169 833 453 898 ponderatis
498 833 694 894 praevie
732 831 858 894 jam,
897 848 1015 893 quae
1052 839 1338 887 occurrunt,
1375 832 1465 876 cir-

68 915 366 961 cumstantiis
386 947 400 970 ,
436 929 626 958 summa
658 929 771 958 cum
797 911 1235 973 circumspectione
1266 911 1461 973 suscipi,
1508 920 1511 925 ’

66 1002 116 1040 et
152 994 261 1057 pari
296 993 446 1038 modo
481 993 654 1055 peragi
692 993 866 1051 dehet3
903 992 1181 1053 suppeditat
1223 992 1353 1037 enim
1396 991 1465 1035 in-

69 1082 425 1131 strumentum,
464 1074 594 1136 quod
635 1090 777 1135 saepe
829 1072 1125 1118 decidendae
1167 1089 1336 1118 causae
1384 1087 1464 1115 ur-

68 1157 274 1213 bariali,
307 1157 412 1200 basi
432 1154 692 1211 subservit3
731 1161 777 1199 et
823 1161 1141 1198 tractamento
1177 1155 1465 1199 colonorum

65 1235 247 1280 intuitu
287 1233 707 1297 praestationum,
779 1241 824 1277 et
878 1234 1185 1277 robottarum
1239 1249 1467 1277 normam

67 1316 369 1378 praescrihit.
404 1317 608 1360 Errores
652 1313 1020 1375 conscriptionis
1041 1313 1178 1369 talis,
1216 1313 1308 1358 nisi
1340 1320 1462 1356 tem-

68 1396 255 1457 pestive
282 1394 601 1455 detegantur,
639 1399 686 1436 et
713 1393 1079 1448 rectificentur,
1116 1394 1368 1453 perimunt
1395 1392 1467 1453 ju-

83 1472 294 1529 stitiam,
329 1479 376 1516 et
411 1471 736 1533 aequitatem,
771 1472 969 1516 turbant
987 1470 1037 1516 in
1071 1479 1194 1516 statu
1228 1472 1473 1516 contribu-

69 1552 246 1598 tionali
275 1558 495 1614 optatum
527 1549 904 1613 aequilibrium,
951 1567 1046 1612 quo
1073 1558 1213 1612 pacto
1247 1553 1357 1596 fieri
1391 1554 1471 1597 de-

70 1635 180 1689 bet,
216 1639 271 1677 ut
311 1632 472 1677 coloni
495 1647 638 1693 saepe
670 1629 892 1676 fatiscant
933 1630 1018 1676 sub
1052 1628 1309 1689 oneribus,
1347 1649 1470 1694 quae

73 1730 249 1759 eorum
274 1712 397 1757 reali
433 1711 744 1760 constitutivo
776 1728 875 1756 non
914 1717 1024 1756 sunt
1064 1710 1198 1773 juxta
1236 1712 1473 1774 praescri-

74 1800 216 1855 ptum
240 1790 430 1836 urbarii
458 1800 850 1839 commensurata
871 1824 886 1848 ,
923 1792 1005 1837 alii
1032 1799 1197 1837 autem
1220 1793 1363 1855 plura
1390 1795 1471 1838 he.-

76 1874 250 1920 neficia
289 1879 334 1917 et
378 1873 719 1917 emolumenta
758 1873 1041 1930 obtineant,
1088 1890 1234 1936 quam
1284 1873 1472 1918 eisdem

81 1973 110 2000 a
145 1954 336 1998 ratione
370 1953 616 2015 qualitatis
660 1959 709 1997 et
744 1952 1022 2015 quantitatis
1069 1954 1337 1999 fundorum
1380 1970 1475 1998 ses*

76 2034 339 2081 sionalium
369 2039 739 2094 competerent,
777 2049 829 2077 ac
849 2033 1059 2095 proinde
1097 2035 1215 2078 ordo
1239 2033 1322 2078 ille
1342 2066 1355 2089 ,
1388 2031 1474 2094 qui

82 2131 172 2177 per
229 2112 530 2160 urbarialem
580 2112 941 2175 regulationem
984 2114 1152 2158 induci
1189 2114 1477 2159 intendeba-

78 2202 189 2248 tur,
228 2210 319 2256 per
338 2192 528 2238 idmodi
572 2192 815 2248 defectus,
852 2200 898 2238 et
922 2208 1114 2238 errores
1144 2194 1342 2237 exulare
1394 2193 1471 2237 de-

83 2275 205 2319 beat.
242 2276 370 2319 Haec
393 2307 406 2330 ,
444 2286 566 2335 quae
605 2273 810 2318 adducta
845 2279 987 2328 sunt,
1034 2289 1089 2317 eo
1142 2279 1331 2316 tantum
1385 2288 1477 2316 ser-

84 2354 220 2398 viunt
243 2385 256 2408 ,
319 2354 448 2415 quod
516 2353 710 2416 spiritus
764 2353 1126 2415 quaestionatae
1177 2353 1481 2415 conscriptio-

82 2433 158 2479 nis
187 2440 435 2489 exactam,
471 2442 615 2497 atque
643 2436 884 2479 sinceram
905 2433 1209 2496 procedendi
1240 2432 1478 2478 rationem

82 2514 197 2560 ideo
225 2514 412 2576 exigat,
449 2523 502 2559 ut
539 2514 875 2560 distributivae
928 2512 1140 2576 justitiae
1186 2514 1332 2575 pleno
1369 2529 1480 2558 cum

89 2593 274 2640 calculo
301 2593 409 2638 satis
436 2594 546 2638 fieri
574 2595 751 2656 possit,
787 2611 908 2640 neve
932 2593 1382 2648 contribuentibus,
1421 2591 1480 2637 de

88 2691 297 2736 quorum
321 2680 448 2719 sorte
503 2675 692 2739 agitur,
756 2675 882 2737 justa
942 2675 1232 2739 querulandi
1281 2674 1481 2721 occasio

91 2755 252 2801 enasci
276 2755 460 2803 debeat,

1127 2838 1171 2882 D
1191 2836 1220 2881 d
