1669 3189
647 185 714 198 νιν-
771 165 853 205 635
910 185 979 195 *m

113 288 369 318 causarum
412 273 741 318 revisioneem
786 276 1075 327 assummat,
1134 276 1180 315 et
1206 268 1304 330 juri
1341 284 1393 313 ac
1427 268 1498 328 ju·

112 354 270 399 stitiae
325 353 630 400 conformem
693 351 1055 414 querulantibus
1119 349 1492 397 satisfactionem

111 433 378 496 impendat.

362 571 771 616 Praestationes
799 584 933 630 quae
971 576 1245 615 velantur.

243 674 317 712 15.
366 665 508 710 Nulla
540 664 824 716 colonorum
870 663 1131 719 utensilia,
1170 663 1244 706 uti
1272 669 1384 708 sunt
1429 662 1496 705 le-

109 747 274 799 betes,
313 743 435 799 cadi,
469 742 618 798 sacci,
655 742 842 803 aliaque
867 741 917 785 id
943 759 1091 805 genus
1124 742 1352 787 utensilia
1375 774 1388 798 ,
1419 740 1496 784 ni-

106 824 147 869 si
174 824 377 868 rusticus
407 822 639 868 benevole
667 823 799 875 velit,
827 837 919 884 pro
949 839 1040 866 usu
1071 838 1158 867 suo
1188 822 1376 867 domini
1396 828 1491 867 ter-

106 911 286 949 restres
313 903 387 948 vel
418 918 593 946 eorum
624 902 854 947 officiales
889 901 1177 957 vendicent,
1212 902 1296 946 sed
1326 916 1488 963 neque

102 990 329 1046 tempore
373 983 472 1028 sive
519 982 855 1028 celebrationis
902 981 1094 1026 sedium
1133 980 1488 1037 dominalium,

107 1080 195 1110 seu
225 1079 342 1108 vero
384 1064 729 1110 encaeniorum
764 1071 811 1108 et
851 1063 1225 1108 consecrationis
1263 1062 1498 1106 ecclesiae

109 1149 191 1186 aut
232 1142 563 1204 cujuscunque
590 1141 858 1187 festivitatis
888 1143 1047 1186 coloni
1092 1142 1152 1185 ad
1173 1140 1363 1202 aliquid
1392 1141 1492 1185 sive

105 1223 161 1268 in
202 1223 409 1284 pecunia
447 1238 532 1268 seu
578 1222 631 1267 in
676 1222 977 1269 naturalibus
1002 1222 1214 1285 gratuito
1245 1227 1492 1283 praestan«

106 1303 224 1350 dum
246 1304 512 1368 adigantur·
1503 1297 1507 1299 ⁵

609 1439 978 1485 Continuatio.

240 1534 311 1579 16.
357 1530 487 1576 Nulli
534 1539 790 1587 praeterea
816 1530 1015 1577 domino
1057 1528 1284 1576 terrestri
1306 1544 1493 1591 posses-

107 1610 262 1656 siones
305 1627 411 1656 suas
453 1613 514 1657 ad
534 1628 717 1674 pecora
749 1627 840 1673 pro
881 1612 1087 1655 macello
1117 1610 1168 1654 in
1209 1624 1498 1672 quocunque

103 1708 218 1736 casu
251 1689 669 1737 subministranda
694 1690 894 1753 adigere
915 1692 1105 1736 licitum
1128 1691 1188 1735 sit
1208 1723 1223 1745 ‚
1260 1691 1345 1735 sed
1383 1688 1498 1752 quia

106 1779 368 1835 proventus
394 1772 580 1815 macelli
618 1772 878 1817 dominalis
905 1779 1005 1827 est,
1043 1788 1161 1816 onus
1189 1770 1340 1814 etiam
1369 1787 1499 1814 com-

106 1852 367 1915 parationis
389 1868 627 1914 pecorum
647 1851 1091 1897 emacillandorum
1108 1850 1323 1895 eundem
1340 1848 1500 1892 domi-

106 1949 226 1977 num
262 1937 549 1977 terrestrem
592 1938 819 1988 maneat,
858 1931 1038 1993 absque
1057 1929 1205 1974 ullius
1237 1929 1384 1973 etiam
1424 1943 1497 1972 ac-

108 2014 232 2059 cisae
268 2028 551 2075 quocunque
589 2010 674 2055 sub
697 2011 838 2057 titulo
883 2011 1252 2074 desumptione,
1290 2008 1376 2054 sed
1404 2024 1496 2053 nec

98 2094 341 2156 ffuvenum
390 2091 756 2138 fructiferarum
793 2093 1055 2148 arborum,
1122 2090 1320 2153 proprii
1374 2089 1497 2133 item
1557 2137 1563 2145 ‚

106 2174 214 2219 fimi
253 2173 514 2235 praestatio
557 2172 732 2217 colonis
774 2171 1091 2234 imponatur,
1138 2187 1297 2232 neque
1333 2168 1496 2214 coloni

108 2252 294 2317 opificii
326 2250 468 2314 gnari
501 2252 710 2297 robottas
747 2251 837 2296 sibi
875 2252 1215 2297 incumbentes
1245 2250 1497 2296 laboribus

111 2332 298 2397 opificii
324 2334 398 2378 sui
434 2332 665 2378 exhibere
693 2338 742 2377 et
764 2333 992 2395 supplere
1017 2337 1270 2394 cogantur.

111 2468 561 2512 Transennarum
593 2470 645 2509 et
681 2464 1209 2525 praejanctzzrarum
1235 2465 1500 2509 militaria

105 2548 195 2579 um
251 2533 638 2591 persolutionis
676 2532 852 2590 quoad
896 2529 1152 2574 vitandas
1204 2526 1499 2592 defrazzda-

709 2597 893 2639 tiones.
1029 2604 1043 2607 ²

243 2703 315 2751 17.
349 2692 418 2736 Ne
447 2687 808 2735 contribuentes
842 2687 893 2732 in.
916 2679 1251 2750 persolutione
1280 2696 1496 2734 transen-

110 2787 287 2817 narum
314 2804 329 2828 ‚
376 2778 423 2816 et
463 2768 924 2833 praejuncturarum
971 2768 1264 2816 militarium
1310 2768 1496 2815 defrau-
