1669 3189
728 225 806 238 ...m
866 208 951 258 49⁰
1009 224 1080 238 κ..

197 330 351 376 eoque
397 314 523 358 hunc
558 312 607 355 in
655 323 816 353 casum
862 310 1062 370 praevie
1108 309 1148 352 si
1194 325 1315 371 quae
1369 309 1583 368 fuerunt,

193 394 536 439 conventiones
560 389 912 444 exhibeantur,
948 405 1002 433 ac
1033 389 1119 434 ubi
1140 396 1415 449 ,contractus
1445 405 1592 451 prae-

194 482 329 519 sente
361 468 642 516 testimonio
670 454 978 514 comitatensi
1012 469 1260 526 conclusi,
1297 468 1439 514 subin
1472 487 1589 516 vero

191 553 246 598 in
277 550 434 596 sedi-ia
459 547 626 604 revisi,
663 564 716 593 ac
731 565 824 612 pro
857 548 1029 595 talibus
1055 549 1178 594 facta
1207 549 1408 611 praevie
1437 551 1591 597 omni-

191 630 342 675 moda
385 627 752 690 combinatione
806 646 897 690 per
934 630 1141 675 eandem
1194 630 1409 677 sedriam
1460 629 1592 675 adin-

190 710 323 757 venti
362 708 569 767 suerint,
622 710 754 770 quod
794 709 1051 755 urbarialis
1098 711 1417 774 regulationis
1449 725 1592 773 prae-

193 790 376 852 scripto
402 789 644 853 impositis
676 789 1054 854 obligationibus
1092 792 1385 855 neutiquam
1415 806 1590 836 onero-

201 871 357 916 siores
381 870 506 927 sint,
540 870 617 916 via
642 869 843 916 Consilii
872 871 1002 934 regii
1021 870 1465 917 locumtenentialis
1489 876 1593 915 tam

189 950 280 996 iste
309 957 584 996 contractus
603 983 616 1006 ,
653 966 799 1010 quam
828 949 880 996 in
918 951 1071 996 finem
1102 951 1326 1014 capiendi
1347 949 1593 996 uberioris

193 1032 398 1076 luminis
425 1030 576 1075 etiam
601 1030 832 1092 praeviae
867 1032 1214 1078 conventiones
1259 1032 1312 1082 in
1355 1028 1596 1076 authenti-

192 1113 258 1158 cis
285 1111 485 1175 paribus
514 1117 967 1173 repraesententur,
1017 1127 1115 1155 una
1146 1126 1261 1154 cum
1297 1110 1596 1155 combinato-

186 1193 263 1237 rio
304 1194 636 1238 instrumento
682 1207 772 1251 per
820 1190 979 1252 ipsam
1026 1190 1242 1234 sedriam
1285 1188 1594 1236 elaborando.

186 1273 330 1317 Instr.
387 1269 788 1316 comissariorum
831 1270 1088 1334 regiorum
1142 1269 1182 1330 ᾗ.
1226 1274 1303 1319 26.
1363 1269 1426 1314 ad
1467 1286 1516 1330 p.
1551 1278 1594 1316 3.

191 1353 247 1397 in
282 1353 398 1397 fine.

316 1432 600 1478 Comissarii
634 1431 763 1495 regii
809 1430 1202 1494 magistratuales
1253 1431 1596 1476 comitatenses

186 1529 358 1558 omnes
381 1529 436 1558 eo
471 1512 690 1569 invient,
743 1512 1016 1568 instruant,
1062 1517 1112 1556 et
1135 1517 1391 1568 moneant,
1446 1517 1500 1555 ut
1523 1509 1596 1564 hi,

189 1594 275 1655 qui
305 1593 513 1656 singuli,
560 1599 609 1636 et
638 1591 783 1636 totius
817 1591 1023 1637 ineundi
1056 1597 1330 1637 contractus
1361 1589 1491 1636 actui
1522 1590 1594 1635 in-

188 1680 373 1716 teresse
412 1672 622 1727 dehent,
667 1678 806 1734 parte
843 1688 901 1715 ex
935 1689 1019 1716 sua
1059 1671 1247 1733 quasvis
1284 1669 1596 1720 contribuen-

185 1752 312 1797 tium
326 1751 709 1796 circumstantias
729 1751 892 1796 debite
912 1752 1217 1796 advertentes
1242 1767 1412 1795 curam
1451 1759 1500 1795 et
1527 1750 1597 1796 vi-

186 1831 442 1894 gilantiam
472 1831 701 1887 habeant,
737 1846 798 1876 ne
827 1828 1030 1874 omnino
1054 1845 1146 1891 per
1162 1829 1438 1876 ineundum
1464 1816 1589 1892 ejus-

187 1911 325 1955 modi
352 1917 684 1967 contractum,
719 1917 768 1956 et
797 1916 1024 1955 notanter
1048 1908 1207 1971 parati
1240 1909 1366 1956 aeris
1392 1908 1594 1955 solutio-

183 2007 301 2037 nem
327 1998 475 2037 status
513 2006 689 2037 eorum
727 1991 967 2048 nimium,
1019 1999 1164 2054 atque
1195 2007 1307 2036 cum
1345 1990 1593 2053 praejudi-

185 2070 260 2114 cio
293 2071 478 2132 publici
508 2078 769 2134 gravetur,
827 2079 1184 2134 computusque
1226 2090 1310 2118 seu
1339 2072 1590 2118 combina-

183 2149 254 2194 tio
290 2150 409 2194 dum
450 2150 749 2208 instituitur,
824 2152 999 2198 calculi
1041 2168 1234 2198 errores
1271 2169 1593 2215 praecavean-

183 2238 294 2289 tur3
331 2232 391 2276 ad
413 2233 754 2293 praecavenda
780 2247 931 2295 por-ro
968 2232 1088 2278 haec
1124 2232 1387 2297 aggravia,
1435 2234 1592 2297 prius-

187 2328 332 2373 quam
357 2313 436 2357 hic
476 2313 550 2358 vel
580 2313 664 2358 ille
719 2319 998 2358 contractus
1036 2311 1258 2369 ineatur,
1319 2321 1366 2359 et
1399 2313 1591 2359 conclu-

184 2392 355 2451 datur,
390 2394 486 2457 ipsi
515 2392 907 2457 magistratuales
931 2409 1023 2455 pro
1057 2393 1340 2439 testimonio
1376 2394 1589 2440 adhibiti

184 2482 445 2520 recurrant
479 2475 540 2520 ad
575 2482 678 2520 acta
710 2473 978 2520 urban-ialia
1014 2474 1332 2520 concernenti
1367 2475 1472 2519 loco
1514 2491 1590 2520 ex-

186 2554 392 2610 tradita,
442 2556 820 2618 combinentque
856 2571 951 2617 qua
988 2556 1097 2601 fieri
1122 2556 1337 2618 poterit,
1389 2570 1585 2601 accura-

185 2632 300 2676 tiori
329 2635 544 2693 bilance,
580 2636 897 2699 obligationes
936 2637 1141 2683 subditis
1164 2635 1296 2696 juxta
1325 2634 1587 2681 urbarium

186 2711 524 2759 incumbentes
556 2733 670 2760 cum
706 2717 1090 2781 obligationibus
1122 2718 1250 2774 illis,
1316 2733 1437 2779 quae
1474 2731 1586 2760 con-

178 2794 481 2841 tractualiter
510 2797 827 2857 praestandae
875 2798 1066 2856 forent,
1139 2798 1199 2845 ad
1246 2798 1377 2860 quod
1416 2797 1582 2861 ipsum
