1669 3189
598 164 669 175 m
728 149 815 199 497
874 162 946 177 -w-

69 255 128 298 ab
167 268 289 306 una,
327 258 375 295 et
409 251 492 296 hos
515 267 695 312 paucos
722 252 919 297 colonos
940 251 1159 314 partibus
1206 248 1265 293 ab
1304 251 1459 297 altera

63 334 312 384 ineuntur,
325 333 410 376 sub
435 349 633 377 sensum
661 332 989 393 praemissum
1014 348 1113 377 non
1147 331 1318 376 cadant
1352 347 1408 373 eo
1437 328 1464 385 ‚¹

71 414 196 475 quod
223 412 467 457 talismodi
498 412 638 473 pauci
670 413 828 456 coloni
857 413 1006 456 etiam
1028 420 1298 474 separatam
1325 410 1461 472 quasi

63 501 286 555 respectu
315 492 502 537 domini
533 492 606 535 sui
636 491 882 535 terrestris
917 492 1320 538 communitatem
1362 491 1463 535 effi-

65 574 225 627 ciant,
261 573 480 631 adeoque
499 563 779 613 istiusmoiii
812 576 1085 616 contractus
1107 604 1120 626 ‚
1159 569 1359 633 praevia
1389 567 1464 614 eo}

63 670 174 697 rum
209 653 259 695 in
302 651 463 695 sedi-ia
489 649 742 694 comitatus
776 649 1053 706 revisione,
1081 650 1294 696 Consilio
1327 649 1464 713 regio

63 729 481 778 locumtenentiali
505 727 707 772 omnino
732 727 953 774 submitti
975 730 1199 776 debeant.
1237 732 1352 776 Inst.
1389 745 1465 775 co-

74 812 211 857 miss.
240 809 490 875 regiorum
525 807 564 867 §
588 819 667 856 Ξῖ.

633 950 753 986 ART.
794 952 907 987 XIVj

111 1033 196 1076 An
226 1029 409 1075 coloni
445 1045 652 1087 semper
678 1031 1139 1075 contractaalitet·
1184 1031 1415 1076 tractati

398 1097 622 1140 zzrbario
652 1096 856 1158 subjici
884 1099 1094 1155 possint
1123 1099 1150 1142 ‚0

192 1221 260 1263 An
285 1219 604 1263 communitas
635 1235 953 1281 quaecunque
993 1218 1425 1282 impopulationali
1444 1251 1459 1274 ‚

66 1306 148 1344 aut
177 1297 433 1359 perennali
470 1298 671 1358 quidem
718 1306 971 1343 contractu
1007 1301 1233 1345 destituta
1257 1334 1270 1357 ,
1309 1301 1396 1345 sed
1431 1314 1459 1342 a

64 1389 292 1439 tempore
316 1378 582 1420 introduc-xi
613 1378 802 1421 urbarii
824 1380 994 1442 vigore
1025 1388 1367 1426 contractuum
1404 1381 1465 1425 de

64 1468 290 1519 tempore
318 1455 367 1500 in
402 1462 590 1516 tempus
615 1455 883 1512 initorum,
922 1464 970 1502 et
1002 1467 1354 1503 renovatorum
1387 1474 1466 1502 ur-

64 1536 272 1587 hariales
302 1534 659 1597 praestationes
689 1541 964 1580 constanter
990 1545 1163 1598 parata
1199 1539 1466 1592 redimens,

67 1635 174 1664 cum
196 1617 376 1661 effluxu
401 1614 750 1676 stipulatorum
780 1630 1021 1660 annorum
1039 1649 1053 1673 ,
1089 1616 1457 1679 exposcentibus

67 1699 136 1744 ita
167 1695 373 1741 dominii
400 1697 474 1739 vel
495 1695 647 1756 ipsius
684 1696 1048 1741 communitatis
1082 1696 1349 1759 adjunctis,
1372 1703 1468 1740 tra-

70 1782 309 1820 ctamento
346 1773 615 1828 urhariali,
651 1773 704 1818 id
727 1781 798 1819 est
818 1777 1226 1836 praestationibus
1253 1775 1471 1822 urbaria-

28 1870 36 1878 ‘
66 1858 190 1902 libus
214 1889 228 1912 ,
265 1855 316 1899 in
350 1860 524 1898 natura
555 1854 801 1914 explendis
833 1854 1007 1916 subjici
1032 1856 1226 1901 valeat?

201 1933 433 1998 Quaestio
462 1933 581 1977 haec
604 1949 726 1995 quae
745 1932 796 1978 in
823 1933 998 1977 merito
1026 1934 1348 1980 attentionem
1370 1952 1469 1980 me-

74 2023 251 2071 retur,
289 2013 497 2076 positiva
528 2014 743 2076 benigna
777 2014 1078 2059 resolutione
1123 2016 1262 2079 regia
1306 2016 1492 2078 aliqua

75 2095 297 2159 generali
326 2096 600 2140 normativa
629 2113 727 2140 non
756 2103 827 2140 est
867 2095 1063 2141 definita
1081 2129 1095 2152 ,
1145 2096 1468 2158 particulares

75 2176 276 2238 majoris
312 2176 554 2221 momenti
593 2193 726 2222 casus
767 2176 1068 2232 urbariales‚
1125 2194 1289 2222 ansam
1336 2178 1474 2223 dede-

75 2265 193 2302 runt
218 2258 597 2317 particularibus
634 2258 1046 2313 resolutionibus,
1088 2275 1293 2319 quarum
1318 2259 1473 2303 relate

75 2337 138 2380 ad
163 2337 496 2382 differentiam
538 2337 824 2394 decisionis,
878 2337 964 2382 etsi
1006 2337 1237 2383 continuo
1278 2339 1473 2401 spiritus

74 2417 212 2460 idem
230 2416 415 2475 fuerit,
487 2417 790 2464 conservatio
828 2425 994 2479 utpote
1028 2418 1187 2464 classis
1229 2418 1477 2463 contribu-

75 2497 268 2542 entium
315 2498 435 2542 citra
472 2498 834 2560 praejudicium
876 2497 1065 2559 jurium
1125 2496 1476 2554 dominantium,

79 2584 295 2622 attamen
339 2595 566 2624 normam
611 2579 897 2641 generalem
931 2585 1129 2624 eatenus
1168 2578 1476 2640 defigendam

82 2672 105 2700 a
128 2656 385 2702 libratione
410 2658 638 2703 localium
671 2659 1146 2705 circumstantiarum
1178 2658 1474 2720 dependere3

83 2735 307 2802 istudque
335 2737 640 2802 principium
689 2737 786 2800 jam
817 2739 1063 2788 occasione
1103 2738 1476 2786 introductionis

298 2816 307 2827 “
1169 2820 1187 2862 l
1205 2818 1221 2863 i
