1669 3189
646 183 990 231 ..m-407m

111 282 339 339 receptae
363 278 715 340 praestationes
748 280 803 324 in'
833 296 928 341 quo
957 279 1252 334 consistunt,
1303 278 1496 337 quando

110 365 389 419 praeterea,
449 368 495 404 et
542 376 639 422 qua
682 360 969 406 modalitate
1013 361 1130 405 tales
1182 358 1499 405 introductae

115 438 261 483 sunt?

243 520 321 565 IV.
357 522 491 582 Quae
532 526 579 564 et
623 519 783 580 qualia
827 518 1044 581 singulus
1089 522 1221 567 locus
1264 519 1503 565 beneficia

113 594 321 652 habeat,
359 603 440 640 aut
466 596 743 641 maleficia?

237 677 291 722 V.
329 678 456 739 Quot
481 684 527 721 et
550 676 770 739 qualibus
795 679 939 723 terris
962 679 1228 726 arabilibus
1246 714 1258 736 ,
1308 698 1360 727 ac
1389 697 1500 743 pra-

111 759 172 803 tis
203 759 396 804 colonus
421 759 643 821 integrae
668 759 888 805 sessionis
917 762 1079 822 reipsa
1105 765 1346 824 provisus,
1385 767 1502 823 quot

111 838 238 883 item
283 839 529 902 singulum
565 839 797 904 iugerum
835 848 1161 885 metretarum
1203 841 1504 903 posoniensi-

111 936 198 963 um
228 934 376 980 capax
406 919 491 976 sit,
537 936 716 964 numve
751 919 804 964 in
834 919 987 981 pratis
1016 922 1165 966 etiam
1197 922 1400 967 cordum
1425 921 1507 966 fal-

115 999 215 1043 cari
248 999 436 1060 possit?

219 1076 324 1124 ‘VL
362 1081 539 1142 Quales
572 1097 664 1142 per
701 1080 950 1143 singulum
986 1084 1242 1140 colonum,
1309 1090 1357 1127 et
1391 1088 1509 1145 quot

111 1175 322 1204 numero
351 1159 548 1205 dierum
569 1163 820 1217 robottae,
870 1179 922 1206 ac
960 1181 1072 1208 cum
1111 1172 1226 1225 quot
1261 1164 1500 1226 jugalibus

112 1239 345 1284 hactenus
382 1240 644 1301 praestitae
688 1241 835 1285 sunt?
916 1259 1064 1303 porro
1102 1244 1199 1288 itus
1237 1251 1285 1287 et
1324 1244 1507 1288 reditus

116 1320 407 1363 colonorum
437 1320 774 1379 imputabatur
795 1337 853 1364 ne
880 1321 931 1364 in
956 1324 1233 1378 robottam,
1269 1323 1349 1367 vel
1371 1322 1504 1367 non?

243 1398 345 1440 VII.
380 1399 447 1440 An
490 1413 621 1441 nona
681 1398 995 1460 huc-adusque
1040 1417 1064 1443 a
1118 1418 1211 1461 quo
1258 1410 1506 1465 tempore,

115 1482 162 1521 et
189 1493 215 1519 a
236 1477 409 1538 quihus
445 1477 695 1538 speciebus
733 1479 1008 1540 praestita?
1056 1496 1236 1524 numve
1272 1483 1391 1526 haec
1425 1500 1508 1528 no-

111 1573 202 1603 nae
234 1558 496 1618 praestatio
532 1557 582 1603 in
607 1559 776 1603 ceteris
811 1558 1069 1603 comitatus
1103 1557 1236 1603 illius
1273 1562 1505 1607 dominiis

113 1655 202 1683 usu
230 1646 425 1700 recepta
455 1638 553 1684 sit?
598 1638 716 1701 quid
735 1647 998 1702 praeterea
1023 1639 1190 1685 rustici
1223 1639 1364 1685 titulo
1395 1642 1509 1686 alia-

114 1735 228 1764 rum
255 1720 501 1763 datiarum
531 1720 731 1765 domino
760 1721 983 1765 terrestri
1007 1722 1067 1765 acl
1094 1737 1327 1783 praesens
1356 1738 1508 1783 usque

115 1800 368 1845 annuatim
392 1799 774 1860 praestiterunt,
825 1817 876 1843 ac
897 1807 1125 1845 notanter
1159 1798 1314 1845 datiae
1342 1808 1388 1846 et
1427 1801 1509 1846 do-

115 1880 256 1926 naria
302 1896 390 1942 per
425 1877 681 1922 dominum
713 1885 1000 1923 terrestrem
1031 1898 1057 1925 a
1092 1880 1290 1926 subditis
1331 1899 1418 1927 seu
1455 1883 1508 1927 in

116 1968 310 2025 parata,
365 1976 450 2004 seu
498 1957 802 2002 naturalibus
845 1966 1011 2004 exacta
1056 1960 1280 2022 specifice
1323 1963 1375 2008 in
1410 1980 1504 2024 quo

119 2040 424 2087 consistant?

247 2122 356 2166 VIII
411 2123 540 2184 Quot
574 2136 783 2166 numero
818 2128 926 2166 sunt
970 2122 1022 2167 in
1065 2123 1258 2187 singulo
1297 2126 1405 2168 loco
1431 2125 1509 2169 de-

119 2211 276 2248 sertae
308 2202 582 2248 sessiones?
631 2219 656 2246 a
685 2217 780 2263 quo
804 2209 1045 2263 tempore,
1080 2220 1174 2265 qua
1209 2205 1266 2248 de
1297 2220 1434 2249 causa
1459 2211 1506 2249 et

122 2303 150 2330 a
181 2301 275 2347 quo
302 2285 392 2330 hae
426 2284 700 2329 usuantur‘?

254 2368 338 2414 IX.
372 2366 499 2410 Num
556 2364 717 2411 coloni
765 2363 950 2408 liberae
1014 2363 1322 2427 migrationis
1364 2364 1504 2423 ¹sint,

123 2456 205 2496 aut
231 2455 472 2511 perpetua
503 2447 801 2509 obligatione
835 2444 1094 2491 obstricti?

252 2528 569 2581 Instructione
595 2527 994 2575 comissariorum
1015 2527 1271 2589 regiorum
1298 2522 1337 2586 §ss
1365 2537 1407 2582 9.
1434 2527 1505 2572 in-

120 2612 342 2675 jungitur
374 2609 549 2654 iisdem
588 2625 646 2653 eo
680 2609 881 2654 sollicite
914 2608 1323 2664 adlaborandum,
1370 2614 1424 2651 ut
1452 2607 1504 2652 in

121 2693 311 2756 singulo
342 2690 577 2737 comitatu
599 2691 742 2734 unius
770 2690 866 2734 loci
895 2707 1120 2744 examen,
1157 2696 1203 2736 et
1226 2688 1501 2735 connotatio

123 2775 186 2820 ad
226 2790 401 2820 novem
431 2779 638 2835 puncta,
687 2777 836 2833 prout
883 2778 931 2815 et
965 2770 1287 2833 conscriptio,
1351 2768 1502 2815 veluti
