<?xml version="1.0" encoding="UTF-8"?>
<!DOCTYPE html PUBLIC "-//W3C//DTD XHTML 1.0 Transitional//EN"
    "http://www.w3.org/TR/xhtml1/DTD/xhtml1-transitional.dtd">
<html xmlns="http://www.w3.org/1999/xhtml" xml:lang="en" lang="en">
 <head>
  <title>
</title>
<meta http-equiv="Content-Type" content="text/html;charset=utf-8" />
  <meta name='ocr-system' content='tesseract 3.04.00' />
  <meta name='ocr-capabilities' content='ocr_page ocr_carea ocr_par ocr_line ocrx_word'/>
</head>
<body>
  <div class='ocr_page' id='page_1' title='image "./constitutioreiur02paul_0281.png"; bbox 0 0 1669 3189; ppageno 0'>
   <div class='ocr_carea' id='block_1_1' title="bbox 580 176 918 217">
    <p class='ocr_par' dir='ltr' id='par_1_1' title="bbox 580 176 918 217">
     <span class='ocr_line' id='line_1_1' title="bbox 580 176 918 217; baseline -0.009 1"><span class='ocrx_word' id='word_1_1' title='bbox 580 176 918 217; x_wconf 56' lang='lat' dir='ltr'>mini-m</span> 
     </span>
    </p>
   </div>
   <div class='ocr_carea' id='block_1_2' title="bbox 52 284 1512 2352">
    <p class='ocr_par' dir='ltr' id='par_1_2' title="bbox 55 284 1451 1308">
     <span class='ocr_line' id='line_1_2' title="bbox 55 284 1431 346; baseline 0.002 -17"><span class='ocrx_word' id='word_1_2' title='bbox 55 300 233 329; x_wconf 87' lang='lat' dir='ltr'>norum</span> <span class='ocrx_word' id='word_1_3' title='bbox 276 284 585 328; x_wconf 84' lang='lat' dir='ltr'>terrestrium</span> <span class='ocrx_word' id='word_1_4' title='bbox 625 284 1028 346; x_wconf 71' lang='lat' dir='ltr'>praestationibus</span> <span class='ocrx_word' id='word_1_5' title='bbox 1068 289 1116 329; x_wconf 88' lang='lat' dir='ltr'>et</span> <span class='ocrx_word' id='word_1_6' title='bbox 1143 286 1346 331; x_wconf 85' lang='lat' dir='ltr'>remotis</span> <span class='ocrx_word' id='word_1_7' title='bbox 1383 287 1431 333; x_wconf 86' lang='lat' dir='ltr'>b.</span> 
     </span>
     <span class='ocr_line' id='line_1_3' title="bbox 59 363 1440 425; baseline 0.001 -17"><span class='ocrx_word' id='word_1_8' title='bbox 59 364 368 409; x_wconf 84' lang='lat' dir='ltr'><strong>resolutionis</strong></span> <span class='ocrx_word' id='word_1_9' title='bbox 393 364 650 409; x_wconf 85' lang='lat' dir='ltr'>urbarialis</span> <span class='ocrx_word' id='word_1_10' title='bbox 677 363 1164 425; x_wconf 76' lang='lat' dir='ltr'><strong>interpretationibus</strong></span> <span class='ocrx_word' id='word_1_11' title='bbox 1195 366 1440 422; x_wconf 81' lang='lat' dir='ltr'>deterriti,</span> 
     </span>
     <span class='ocr_line' id='line_1_4' title="bbox 60 444 1444 506; baseline 0.004 -21"><span class='ocrx_word' id='word_1_12' title='bbox 60 459 112 486; x_wconf 86' lang='lat' dir='ltr'>ac</span> <span class='ocrx_word' id='word_1_13' title='bbox 138 461 235 488; x_wconf 85' lang='lat' dir='ltr'>una</span> <span class='ocrx_word' id='word_1_14' title='bbox 267 445 616 506; x_wconf 83' lang='lat' dir='ltr'>plerorumque</span> <span class='ocrx_word' id='word_1_15' title='bbox 644 444 951 489; x_wconf 88' lang='lat' dir='ltr'>severitatem</span> <span class='ocrx_word' id='word_1_16' title='bbox 994 446 1188 506; x_wconf 80' lang='lat' dir='ltr'>placare</span> <span class='ocrx_word' id='word_1_17' title='bbox 1228 447 1444 490; x_wconf 84' lang='lat' dir='ltr'>volentes</span> 
     </span>
     <span class='ocr_line' id='line_1_5' title="bbox 60 523 1447 587; baseline 0.003 -19"><span class='ocrx_word' id='word_1_18' title='bbox 60 525 187 569; x_wconf 87' lang='lat' dir='ltr'>sein</span> <span class='ocrx_word' id='word_1_19' title='bbox 232 531 354 568; x_wconf 82' lang='lat' dir='ltr'>statu</span> <span class='ocrx_word' id='word_1_20' title='bbox 390 526 547 586; x_wconf 88' lang='lat' dir='ltr'>potius</span> <span class='ocrx_word' id='word_1_21' title='bbox 580 523 954 577; x_wconf 82' lang='lat' dir='ltr'>anteurbariali,</span> <span class='ocrx_word' id='word_1_22' title='bbox 1023 543 1167 586; x_wconf 86' lang='lat' dir='ltr'>quarn</span> <span class='ocrx_word' id='word_1_23' title='bbox 1199 525 1327 587; x_wconf 83' lang='lat' dir='ltr'>juxta</span> <span class='ocrx_word' id='word_1_24' title='bbox 1364 546 1447 572; x_wconf 87' lang='lat' dir='ltr'>no-</span> 
     </span>
     <span class='ocr_line' id='line_1_6' title="bbox 58 603 1451 668; baseline -0.001 -17"><span class='ocrx_word' id='word_1_25' title='bbox 58 623 166 651; x_wconf 80' lang='lat' dir='ltr'>vam</span> <span class='ocrx_word' id='word_1_26' title='bbox 205 606 560 668; x_wconf 82' lang='lat' dir='ltr'>regulationem</span> <span class='ocrx_word' id='word_1_27' title='bbox 600 603 800 649; x_wconf 87' lang='lat' dir='ltr'>tractari</span> <span class='ocrx_word' id='word_1_28' title='bbox 840 613 1106 665; x_wconf 84' lang='lat' dir='ltr'>cuperent,</span> <span class='ocrx_word' id='word_1_29' title='bbox 1166 622 1217 650; x_wconf 89' lang='lat' dir='ltr'>ac</span> <span class='ocrx_word' id='word_1_30' title='bbox 1268 614 1451 651; x_wconf 47' lang='lat' dir='ltr'>ceteros</span> 
     </span>
     <span class='ocr_line' id='line_1_7' title="bbox 61 684 1447 748; baseline -0.001 -17"><span class='ocrx_word' id='word_1_31' title='bbox 61 687 177 748; x_wconf 88' lang='lat' dir='ltr'>quin</span> <span class='ocrx_word' id='word_1_32' title='bbox 218 687 524 748; x_wconf 74' lang='lat' dir='ltr'>generalibus</span> <span class='ocrx_word' id='word_1_33' title='bbox 552 684 804 746; x_wconf 85' lang='lat' dir='ltr'>principiis</span> <span class='ocrx_word' id='word_1_34' title='bbox 832 686 1082 744; x_wconf 87' lang='lat' dir='ltr'>provisum</span> <span class='ocrx_word' id='word_1_35' title='bbox 1116 686 1270 740; x_wconf 86' lang='lat' dir='ltr'>soret,</span> <span class='ocrx_word' id='word_1_36' title='bbox 1320 687 1447 746; x_wconf 83' lang='lat' dir='ltr'>quod</span> 
     </span>
     <span class='ocr_line' id='line_1_8' title="bbox 56 765 1450 827; baseline -0.001 -18"><span class='ocrx_word' id='word_1_37' title='bbox 56 783 79 809; x_wconf 83' lang='lat' dir='ltr'>a</span> <span class='ocrx_word' id='word_1_38' title='bbox 103 766 340 811; x_wconf 85' lang='lat' dir='ltr'>moderna</span> <span class='ocrx_word' id='word_1_39' title='bbox 365 765 597 811; x_wconf 87' lang='lat' dir='ltr'>urbariali</span> <span class='ocrx_word' id='word_1_40' title='bbox 638 765 945 827; x_wconf 83' lang='lat' dir='ltr'>regulatione</span> <span class='ocrx_word' id='word_1_41' title='bbox 980 783 1068 810; x_wconf 91' lang='lat' dir='ltr'>nec</span> <span class='ocrx_word' id='word_1_42' title='bbox 1109 766 1320 810; x_wconf 86' lang='lat' dir='ltr'>dominis</span> <span class='ocrx_word' id='word_1_43' title='bbox 1357 775 1450 809; x_wconf 48' lang='lat' dir='ltr'>ter«</span> 
     </span>
     <span class='ocr_line' id='line_1_9' title="bbox 57 845 1451 903; baseline 0.001 -16"><span class='ocrx_word' id='word_1_44' title='bbox 57 845 322 903; x_wconf 81' lang='lat' dir='ltr'>restrihus‚</span> <span class='ocrx_word' id='word_1_45' title='bbox 381 861 470 889; x_wconf 88' lang='lat' dir='ltr'>nec</span> <span class='ocrx_word' id='word_1_46' title='bbox 502 845 704 889; x_wconf 85' lang='lat' dir='ltr'>subditis</span> <span class='ocrx_word' id='word_1_47' title='bbox 746 846 938 890; x_wconf 77' lang='lat' dir='ltr'>tamdiu</span> <span class='ocrx_word' id='word_1_48' title='bbox 978 846 1244 902; x_wconf 77' lang='lat' dir='ltr'>recedere,</span> <span class='ocrx_word' id='word_1_49' title='bbox 1304 853 1346 890; x_wconf 86' lang='lat' dir='ltr'>et</span> <span class='ocrx_word' id='word_1_50' title='bbox 1391 847 1451 888; x_wconf 60' lang='lat' dir='ltr'>avi.</span> 
     </span>
     <span class='ocr_line' id='line_1_10' title="bbox 56 925 1447 988; baseline -0.001 -19"><span class='ocrx_word' id='word_1_51' title='bbox 56 925 311 986; x_wconf 84' lang='lat' dir='ltr'>antiquum</span> <span class='ocrx_word' id='word_1_52' title='bbox 355 931 533 969; x_wconf 88' lang='lat' dir='ltr'>statum</span> <span class='ocrx_word' id='word_1_53' title='bbox 582 925 748 969; x_wconf 85' lang='lat' dir='ltr'>redire</span> <span class='ocrx_word' id='word_1_54' title='bbox 798 925 1052 988; x_wconf 82' lang='lat' dir='ltr'>integrum</span> <span class='ocrx_word' id='word_1_55' title='bbox 1094 925 1180 979; x_wconf 87' lang='lat' dir='ltr'>sit,</span> <span class='ocrx_word' id='word_1_56' title='bbox 1239 926 1393 969; x_wconf 86' lang='lat' dir='ltr'>donec</span> <span class='ocrx_word' id='word_1_57' title='bbox 1424 943 1447 968; x_wconf 64' lang='lat' dir='ltr'>e</span> 
     </span>
     <span class='ocr_line' id='line_1_11' title="bbox 55 1004 1449 1067; baseline 0.001 -19"><span class='ocrx_word' id='word_1_58' title='bbox 55 1004 408 1049; x_wconf 84' lang='lat' dir='ltr'>combinatorio</span> <span class='ocrx_word' id='word_1_59' title='bbox 446 1005 771 1050; x_wconf 83' lang='lat' dir='ltr'>instrumento</span> <span class='ocrx_word' id='word_1_60' title='bbox 818 1022 907 1067; x_wconf 92' lang='lat' dir='ltr'>per</span> <span class='ocrx_word' id='word_1_61' title='bbox 943 1004 1155 1049; x_wconf 70' lang='lat' dir='ltr'>sedi-iam</span> <span class='ocrx_word' id='word_1_62' title='bbox 1200 1006 1449 1053; x_wconf 67' lang='lat' dir='ltr'>elaboras·x</span> 
     </span>
     <span class='ocr_line' id='line_1_12' title="bbox 57 1084 1446 1140; baseline 0 -10"><span class='ocrx_word' id='word_1_63' title='bbox 57 1087 149 1140; x_wconf 78' lang='lat' dir='ltr'>do,</span> <span class='ocrx_word' id='word_1_64' title='bbox 209 1092 257 1129; x_wconf 91' lang='lat' dir='ltr'>et</span> <span class='ocrx_word' id='word_1_65' title='bbox 295 1084 555 1128; x_wconf 75' lang='lat' dir='ltr'>altissimae</span> <span class='ocrx_word' id='word_1_66' title='bbox 601 1085 836 1129; x_wconf 82' lang='lat' dir='ltr'>revisioni</span> <span class='ocrx_word' id='word_1_67' title='bbox 883 1085 1217 1130; x_wconf 78' lang='lat' dir='ltr'>submittendo</span> <span class='ocrx_word' id='word_1_68' title='bbox 1272 1094 1446 1130; x_wconf 54' lang='lat' dir='ltr'>statum</span> 
     </span>
     <span class='ocr_line' id='line_1_13' title="bbox 55 1164 1450 1227; baseline -0.002 -16"><span class='ocrx_word' id='word_1_69' title='bbox 55 1164 468 1211; x_wconf 85' lang='lat' dir='ltr'>anteurbarialem</span> <span class='ocrx_word' id='word_1_70' title='bbox 523 1180 550 1207; x_wconf 89' lang='lat' dir='ltr'>a</span> <span class='ocrx_word' id='word_1_71' title='bbox 596 1167 834 1209; x_wconf 84' lang='lat' dir='ltr'>moderna</span> <span class='ocrx_word' id='word_1_72' title='bbox 871 1165 1175 1227; x_wconf 79' lang='lat' dir='ltr'>regulatione</span> <span class='ocrx_word' id='word_1_73' title='bbox 1214 1166 1450 1210; x_wconf 45' lang='lat' dir='ltr'>urbariffiss</span> 
     </span>
     <span class='ocr_line' id='line_1_14' title="bbox 56 1244 1020 1308; baseline 0.002 -20"><span class='ocrx_word' id='word_1_74' title='bbox 56 1246 336 1308; x_wconf 80' lang='lat' dir='ltr'>graviorem</span> <span class='ocrx_word' id='word_1_75' title='bbox 365 1244 497 1289; x_wconf 76' lang='lat' dir='ltr'>haud</span> <span class='ocrx_word' id='word_1_76' title='bbox 521 1260 623 1289; x_wconf 90' lang='lat' dir='ltr'>esse</span> <span class='ocrx_word' id='word_1_77' title='bbox 654 1262 752 1288; x_wconf 87' lang='lat' dir='ltr'>non</span> <span class='ocrx_word' id='word_1_78' title='bbox 785 1245 1020 1290; x_wconf 78' lang='lat' dir='ltr'>evenerit.</span> 
     </span>
    </p>

    <p class='ocr_par' dir='ltr' id='par_1_3' title="bbox 52 1324 1512 2352">
     <span class='ocr_line' id='line_1_15' title="bbox 150 1324 1455 1386; baseline 0.002 -18"><span class='ocrx_word' id='word_1_79' title='bbox 150 1324 337 1368; x_wconf 86' lang='lat' dir='ltr'>Idcirco</span> <span class='ocrx_word' id='word_1_80' title='bbox 350 1325 684 1386; x_wconf 79' lang='lat' dir='ltr'>praetitulatas</span> <span class='ocrx_word' id='word_1_81' title='bbox 700 1326 760 1369; x_wconf 91' lang='lat' dir='ltr'>D.</span> <span class='ocrx_word' id='word_1_82' title='bbox 780 1332 960 1369; x_wconf 82' lang='lat' dir='ltr'>vestras</span> <span class='ocrx_word' id='word_1_83' title='bbox 981 1342 1036 1370; x_wconf 91' lang='lat' dir='ltr'>eo</span> <span class='ocrx_word' id='word_1_84' title='bbox 1081 1326 1284 1380; x_wconf 73' lang='lat' dir='ltr'>reflecti,</span> <span class='ocrx_word' id='word_1_85' title='bbox 1310 1333 1363 1370; x_wconf 83' lang='lat' dir='ltr'>ut</span> <span class='ocrx_word' id='word_1_86' title='bbox 1384 1343 1455 1370; x_wconf 72' lang='lat' dir='ltr'>re=</span> 
     </span>
     <span class='ocr_line' id='line_1_16' title="bbox 52 1404 1453 1468; baseline 0 -19"><span class='ocrx_word' id='word_1_87' title='bbox 52 1404 292 1468; x_wconf 81' lang='lat' dir='ltr'>gulationi</span> <span class='ocrx_word' id='word_1_88' title='bbox 309 1404 540 1449; x_wconf 81' lang='lat' dir='ltr'>urbariali</span> <span class='ocrx_word' id='word_1_89' title='bbox 558 1405 681 1449; x_wconf 87' lang='lat' dir='ltr'>citra</span> <span class='ocrx_word' id='word_1_90' title='bbox 711 1422 906 1450; x_wconf 87' lang='lat' dir='ltr'>omnem</span> <span class='ocrx_word' id='word_1_91' title='bbox 920 1407 1230 1450; x_wconf 84' lang='lat' dir='ltr'>subditorum</span> <span class='ocrx_word' id='word_1_92' title='bbox 1256 1423 1453 1467; x_wconf 60' lang='lat' dir='ltr'>oppres³</span> 
     </span>
     <span class='ocr_line' id='line_1_17' title="bbox 55 1484 1452 1546; baseline -0.004 -14"><span class='ocrx_word' id='word_1_93' title='bbox 55 1488 240 1532; x_wconf 87' lang='lat' dir='ltr'>sionem</span> <span class='ocrx_word' id='word_1_94' title='bbox 271 1484 571 1538; x_wconf 74' lang='lat' dir='ltr'>insistentes,</span> <span class='ocrx_word' id='word_1_95' title='bbox 620 1492 664 1529; x_wconf 87' lang='lat' dir='ltr'>et</span> <span class='ocrx_word' id='word_1_96' title='bbox 696 1501 854 1546; x_wconf 86' lang='lat' dir='ltr'>neque</span> <span class='ocrx_word' id='word_1_97' title='bbox 895 1486 954 1529; x_wconf 83' lang='lat' dir='ltr'>ab</span> <span class='ocrx_word' id='word_1_98' title='bbox 987 1502 1042 1529; x_wconf 92' lang='lat' dir='ltr'>ea</span> <span class='ocrx_word' id='word_1_99' title='bbox 1072 1486 1352 1529; x_wconf 65' lang='lat' dir='ltr'>recedentes</span> <span class='ocrx_word' id='word_1_100' title='bbox 1382 1501 1452 1527; x_wconf 80' lang='lat' dir='ltr'>ca-</span> 
     </span>
     <span class='ocr_line' id='line_1_18' title="bbox 55 1564 1454 1618; baseline -0.003 -6"><span class='ocrx_word' id='word_1_101' title='bbox 55 1583 162 1612; x_wconf 89' lang='lat' dir='ltr'>sum</span> <span class='ocrx_word' id='word_1_102' title='bbox 188 1566 241 1610; x_wconf 91' lang='lat' dir='ltr'>in</span> <span class='ocrx_word' id='word_1_103' title='bbox 269 1580 402 1618; x_wconf 83' lang='lat' dir='ltr'>eum,</span> <span class='ocrx_word' id='word_1_104' title='bbox 431 1564 469 1609; x_wconf 88' lang='lat' dir='ltr'>si</span> <span class='ocrx_word' id='word_1_105' title='bbox 498 1564 626 1607; x_wconf 85' lang='lat' dir='ltr'>intra</span> <span class='ocrx_word' id='word_1_106' title='bbox 660 1564 878 1608; x_wconf 86' lang='lat' dir='ltr'>dominia</span> <span class='ocrx_word' id='word_1_107' title='bbox 910 1565 1233 1618; x_wconf 74' lang='lat' dir='ltr'>terrestralia,</span> <span class='ocrx_word' id='word_1_108' title='bbox 1279 1571 1325 1608; x_wconf 84' lang='lat' dir='ltr'>et</span> <span class='ocrx_word' id='word_1_109' title='bbox 1350 1565 1454 1608; x_wconf 75' lang='lat' dir='ltr'>sub-</span> 
     </span>
     <span class='ocr_line' id='line_1_19' title="bbox 55 1642 1512 1705; baseline -0.002 -15"><span class='ocrx_word' id='word_1_110' title='bbox 55 1647 210 1701; x_wconf 81' lang='lat' dir='ltr'>ditos,</span> <span class='ocrx_word' id='word_1_111' title='bbox 267 1644 364 1690; x_wconf 88' lang='lat' dir='ltr'>sive</span> <span class='ocrx_word' id='word_1_112' title='bbox 402 1645 616 1689; x_wconf 83' lang='lat' dir='ltr'>de-statu</span> <span class='ocrx_word' id='word_1_113' title='bbox 648 1643 804 1705; x_wconf 77' lang='lat' dir='ltr'>priori</span> <span class='ocrx_word' id='word_1_114' title='bbox 837 1643 1145 1699; x_wconf 79' lang='lat' dir='ltr'>reducendo,</span> <span class='ocrx_word' id='word_1_115' title='bbox 1199 1642 1297 1686; x_wconf 84' lang='lat' dir='ltr'>sive</span> <span class='ocrx_word' id='word_1_116' title='bbox 1336 1661 1452 1687; x_wconf 86' lang='lat' dir='ltr'>vero</span> <span class='ocrx_word' id='word_1_117' title='bbox 1510 1689 1512 1693; x_wconf 73' lang='grc'><strong>,</strong></span> 
     </span>
     <span class='ocr_line' id='line_1_20' title="bbox 55 1720 1456 1784; baseline -0.006 -13"><span class='ocrx_word' id='word_1_118' title='bbox 55 1728 105 1771; x_wconf 89' lang='lat' dir='ltr'>in</span> <span class='ocrx_word' id='word_1_119' title='bbox 131 1728 295 1770; x_wconf 85' lang='lat' dir='ltr'>locum</span> <span class='ocrx_word' id='word_1_120' title='bbox 311 1723 638 1768; x_wconf 80' lang='lat' dir='ltr'>urbarialium</span> <span class='ocrx_word' id='word_1_121' title='bbox 661 1723 718 1767; x_wconf 90' lang='lat' dir='ltr'>de</span> <span class='ocrx_word' id='word_1_122' title='bbox 748 1722 853 1766; x_wconf 87' lang='lat' dir='ltr'>aliis</span> <span class='ocrx_word' id='word_1_123' title='bbox 868 1722 1272 1784; x_wconf 85' lang='lat' dir='ltr'>praestationibus</span> <span class='ocrx_word' id='word_1_124' title='bbox 1287 1720 1456 1766; x_wconf 77' lang='lat' dir='ltr'>substi-</span> 
     </span>
     <span class='ocr_line' id='line_1_21' title="bbox 53 1801 1451 1865; baseline -0.006 -13"><span class='ocrx_word' id='word_1_125' title='bbox 53 1805 249 1852; x_wconf 88' lang='lat' dir='ltr'>tuendis</span> <span class='ocrx_word' id='word_1_126' title='bbox 271 1803 530 1865; x_wconf 76' lang='lat' dir='ltr'>quaepiam</span> <span class='ocrx_word' id='word_1_127' title='bbox 559 1801 808 1847; x_wconf 85' lang='lat' dir='ltr'>inirentur</span> <span class='ocrx_word' id='word_1_128' title='bbox 839 1804 1180 1847; x_wconf 86' lang='lat' dir='ltr'>conventiones</span> <span class='ocrx_word' id='word_1_129' title='bbox 1199 1833 1211 1856; x_wconf 87' lang='lat'><strong><em>‚</em></strong></span> <span class='ocrx_word' id='word_1_130' title='bbox 1249 1802 1332 1845; x_wconf 86' lang='lat' dir='ltr'>has</span> <span class='ocrx_word' id='word_1_131' title='bbox 1360 1801 1451 1844; x_wconf 83' lang='lat' dir='ltr'>sihi</span> 
     </span>
     <span class='ocr_line' id='line_1_22' title="bbox 55 1880 1456 1950; baseline -0.005 -19"><span class='ocrx_word' id='word_1_132' title='bbox 55 1885 255 1950; x_wconf 87' lang='lat' dir='ltr'>praevie</span> <span class='ocrx_word' id='word_1_133' title='bbox 289 1884 471 1928; x_wconf 86' lang='lat' dir='ltr'>relatas</span> <span class='ocrx_word' id='word_1_134' title='bbox 508 1889 555 1928; x_wconf 85' lang='lat' dir='ltr'>et</span> <span class='ocrx_word' id='word_1_135' title='bbox 597 1882 803 1937; x_wconf 75' lang='lat' dir='ltr'>revisas,</span> <span class='ocrx_word' id='word_1_136' title='bbox 845 1882 1187 1927; x_wconf 76' lang='lat' dir='ltr'>conformitate</span> <span class='ocrx_word' id='word_1_137' title='bbox 1213 1880 1456 1940; x_wconf 74' lang='lat' dir='ltr'>benignae</span> 
     </span>
     <span class='ocr_line' id='line_1_23' title="bbox 61 1959 1456 2024; baseline -0.006 -12"><span class='ocrx_word' id='word_1_138' title='bbox 61 1967 375 2012; x_wconf 81' lang='lat' dir='ltr'>dominorum</span> <span class='ocrx_word' id='word_1_139' title='bbox 405 1961 800 2007; x_wconf 88' lang='lat' dir='ltr'>comissariorum</span> <span class='ocrx_word' id='word_1_140' title='bbox 836 1962 1089 2024; x_wconf 77' lang='lat' dir='ltr'>regiorum</span> <span class='ocrx_word' id='word_1_141' title='bbox 1126 1959 1456 2004; x_wconf 69' lang='lat' dir='ltr'>instructionis</span> 
     </span>
     <span class='ocr_line' id='line_1_24' title="bbox 58 2041 1454 2109; baseline -0.004 -19"><span class='ocrx_word' id='word_1_142' title='bbox 58 2062 206 2109; x_wconf 86' lang='lat' dir='ltr'>penes</span> <span class='ocrx_word' id='word_1_143' title='bbox 241 2049 596 2106; x_wconf 74' lang='lat' dir='ltr'>praeattactum</span> <span class='ocrx_word' id='word_1_144' title='bbox 634 2041 1046 2087; x_wconf 87' lang='lat' dir='ltr'>combinatorium</span> <span class='ocrx_word' id='word_1_145' title='bbox 1072 2041 1454 2085; x_wconf 83' lang='lat' dir='ltr'>instrumentum</span> 
     </span>
     <span class='ocr_line' id='line_1_25' title="bbox 57 2121 1457 2190; baseline -0.005 -19"><span class='ocrx_word' id='word_1_146' title='bbox 57 2144 147 2190; x_wconf 76' lang='lat' dir='ltr'>per</span> <span class='ocrx_word' id='word_1_147' title='bbox 173 2127 330 2188; x_wconf 87' lang='lat' dir='ltr'>ipsam</span> <span class='ocrx_word' id='word_1_148' title='bbox 357 2123 567 2169; x_wconf 86' lang='lat' dir='ltr'>sedriam</span> <span class='ocrx_word' id='word_1_149' title='bbox 599 2123 970 2177; x_wconf 78' lang='lat' dir='ltr'>elaborandum,</span> <span class='ocrx_word' id='word_1_150' title='bbox 994 2137 1085 2184; x_wconf 89' lang='lat' dir='ltr'>pro</span> <span class='ocrx_word' id='word_1_151' title='bbox 1111 2121 1333 2166; x_wconf 77' lang='lat' dir='ltr'>ulteriori</span> <span class='ocrx_word' id='word_1_152' title='bbox 1367 2122 1457 2168; x_wconf 83' lang='lat' dir='ltr'>dis-</span> 
     </span>
     <span class='ocr_line' id='line_1_26' title="bbox 61 2199 1455 2260; baseline -0.006 -7"><span class='ocrx_word' id='word_1_153' title='bbox 61 2207 308 2260; x_wconf 83' lang='lat' dir='ltr'>cussione,</span> <span class='ocrx_word' id='word_1_154' title='bbox 345 2212 394 2249; x_wconf 87' lang='lat' dir='ltr'>et</span> <span class='ocrx_word' id='word_1_155' title='bbox 431 2204 662 2248; x_wconf 82' lang='lat' dir='ltr'>altissima</span> <span class='ocrx_word' id='word_1_156' title='bbox 694 2203 990 2247; x_wconf 77' lang='lat' dir='ltr'>resolutione</span> <span class='ocrx_word' id='word_1_157' title='bbox 1020 2219 1072 2247; x_wconf 91' lang='lat' dir='ltr'>re</span> <span class='ocrx_word' id='word_1_158' title='bbox 1102 2202 1292 2246; x_wconf 86' lang='lat' dir='ltr'>interea</span> <span class='ocrx_word' id='word_1_159' title='bbox 1332 2199 1455 2244; x_wconf 88' lang='lat' dir='ltr'>inte-</span> 
     </span>
     <span class='ocr_line' id='line_1_27' title="bbox 60 2282 1460 2352; baseline -0.004 -21"><span class='ocrx_word' id='word_1_160' title='bbox 60 2304 146 2352; x_wconf 82' lang='lat' dir='ltr'>gre</span> <span class='ocrx_word' id='word_1_161' title='bbox 172 2294 375 2342; x_wconf 78' lang='lat' dir='ltr'>servata,</span> <span class='ocrx_word' id='word_1_162' title='bbox 395 2286 594 2331; x_wconf 82' lang='lat' dir='ltr'>eaedem</span> <span class='ocrx_word' id='word_1_163' title='bbox 611 2283 727 2328; x_wconf 87' lang='lat' dir='ltr'>huic</span> <span class='ocrx_word' id='word_1_164' title='bbox 747 2283 955 2328; x_wconf 89' lang='lat' dir='ltr'>Consilio</span> <span class='ocrx_word' id='word_1_165' title='bbox 977 2282 1112 2345; x_wconf 82' lang='lat' dir='ltr'>regio</span> <span class='ocrx_word' id='word_1_166' title='bbox 1127 2283 1460 2327; x_wconf 84' lang='lat' dir='ltr'>locumtenen-</span> 
     </span>
    </p>
   </div>
   <div class='ocr_carea' id='block_1_3' title="bbox 61 2364 743 2412">
    <p class='ocr_par' dir='ltr' id='par_1_4' title="bbox 61 2364 743 2412">
     <span class='ocr_line' id='line_1_28' title="bbox 61 2364 743 2412; baseline -0.004 0"><span class='ocrx_word' id='word_1_167' title='bbox 61 2368 165 2412; x_wconf 76' lang='lat' dir='ltr'>tiali</span> <span class='ocrx_word' id='word_1_168' title='bbox 190 2366 479 2412; x_wconf 84' lang='lat' dir='ltr'>submittere</span> <span class='ocrx_word' id='word_1_169' title='bbox 502 2364 743 2410; x_wconf 86' lang='lat' dir='ltr'>noverint.</span> 
     </span>
    </p>
   </div>
   <div class='ocr_carea' id='block_1_4' title="bbox 65 2505 1460 2624">
    <p class='ocr_par' dir='ltr' id='par_1_5' title="bbox 65 2505 1460 2624">
     <span class='ocr_line' id='line_1_29' title="bbox 65 2505 1460 2576; baseline -0.004 -21"><span class='ocrx_word' id='word_1_170' title='bbox 65 2512 279 2576; x_wconf 72' lang='lat' dir='ltr'>(Quoad</span> <span class='ocrx_word' id='word_1_171' title='bbox 313 2513 559 2555; x_wconf 79' lang='lat' dir='ltr'>notarios</span> <span class='ocrx_word' id='word_1_172' title='bbox 597 2516 649 2554; x_wconf 83' lang='lat' dir='ltr'>et</span> <span class='ocrx_word' id='word_1_173' title='bbox 679 2509 1036 2553; x_wconf 78' lang='lat' dir='ltr'>ladirectores</span> <span class='ocrx_word' id='word_1_174' title='bbox 1078 2509 1136 2552; x_wconf 88' lang='lat' dir='ltr'>in</span> <span class='ocrx_word' id='word_1_175' title='bbox 1174 2505 1460 2565; x_wconf 82' lang='lat' dir='ltr'>possessio-</span> 
     </span>
     <span class='ocr_line' id='line_1_30' title="bbox 126 2577 1420 2624; baseline -0.005 -2"><span class='ocrx_word' id='word_1_176' title='bbox 126 2580 287 2622; x_wconf 80' lang='lat' dir='ltr'>nibus</span> <span class='ocrx_word' id='word_1_177' title='bbox 310 2577 756 2624; x_wconf 76' lang='lat' dir='ltr'>constituendos.)</span> <span class='ocrx_word' id='word_1_178' title='bbox 1409 2589 1420 2597; x_wconf 79' lang='grc'>·’</span> 
     </span>
    </p>
   </div>
   <div class='ocr_carea' id='block_1_5' title="bbox 59 2678 1462 2824">
    <p class='ocr_par' dir='ltr' id='par_1_6' title="bbox 59 2678 1462 2824">
     <span class='ocr_line' id='line_1_31' title="bbox 197 2678 1462 2744; baseline -0.008 -13"><span class='ocrx_word' id='word_1_179' title='bbox 197 2688 268 2731; x_wconf 84' lang='lat'>16.</span> <span class='ocrx_word' id='word_1_180' title='bbox 304 2685 620 2744; x_wconf 75' lang='lat' dir='ltr'>Posteaquam</span> <span class='ocrx_word' id='word_1_181' title='bbox 637 2680 850 2725; x_wconf 81' lang='lat' dir='ltr'>maxime</span> <span class='ocrx_word' id='word_1_182' title='bbox 864 2679 1000 2724; x_wconf 87' lang='lat' dir='ltr'>illinc</span> <span class='ocrx_word' id='word_1_183' title='bbox 1014 2678 1327 2724; x_wconf 78' lang='lat' dir='ltr'>subditorum</span> <span class='ocrx_word' id='word_1_184' title='bbox 1342 2679 1462 2722; x_wconf 84' lang='lat' dir='ltr'>cala-</span> 
     </span>
     <span class='ocr_line' id='line_1_32' title="bbox 59 2759 1461 2824; baseline -0.005 -16"><span class='ocrx_word' id='word_1_185' title='bbox 59 2763 247 2809; x_wconf 81' lang='lat' dir='ltr'>mitates</span> <span class='ocrx_word' id='word_1_186' title='bbox 265 2771 626 2818; x_wconf 74' lang='lat' dir='ltr'>enascerentur,</span> <span class='ocrx_word' id='word_1_187' title='bbox 644 2762 774 2824; x_wconf 87' lang='lat' dir='ltr'>quod</span> <span class='ocrx_word' id='word_1_188' title='bbox 807 2777 896 2823; x_wconf 90' lang='lat' dir='ltr'>per</span> <span class='ocrx_word' id='word_1_189' title='bbox 913 2767 1070 2805; x_wconf 88' lang='lat' dir='ltr'>totum</span> <span class='ocrx_word' id='word_1_190' title='bbox 1089 2775 1303 2821; x_wconf 80' lang='lat' dir='ltr'>regnum</span> <span class='ocrx_word' id='word_1_191' title='bbox 1328 2759 1461 2806; x_wconf 80' lang='lat' dir='ltr'>nulla</span> 
     </span>
    </p>
   </div>
   <div class='ocr_carea' id='block_1_6' title="bbox 1051 2843 1205 2904">
    <p class='ocr_par' dir='ltr' id='par_1_7' title="bbox 1051 2843 1205 2904">
     <span class='ocr_line' id='line_1_33' title="bbox 1051 2843 1205 2904; baseline -0.019 0"><span class='ocrx_word' id='word_1_192' title='bbox 1051 2843 1205 2904; x_wconf 67' lang='lat' dir='ltr'>Qq2</span> 
     </span>
    </p>
   </div>
  </div>
 </body>
</html>
