1669 3189
534 170 877 212 mssssssm

29 280 184 342 magis
217 293 440 339 capaces,
489 277 576 322 sed
603 286 649 324 et
675 278 749 323 his
771 275 1233 338 fundisplurimum
1265 272 1421 338 indigi

33 367 194 406 erunt,
1413 351 1416 353 ’

156 440 208 482 In
239 455 331 500 qua
357 438 676 482 nihilominus
704 443 805 480 tam
840 435 1173 480 sessionalium
1205 450 1349 496 quam
1377 441 1423 479 et

21 517 454 579 Vsupernatantium
480 517 744 562 fundorum
771 515 1114 559 distributione
1143 532 1198 560 ea
1225 531 1424 578 genera-

27 599 86 643 lis
127 596 424 643 observanda
461 595 557 638 erit
595 595 800 657 regula,
861 611 920 639 ne
960 595 1244 640 huiusmodi
1285 594 1424 640 fundi

27 680 79 724 in
115 680 323 723 minores
354 675 606 736 portiones
649 691 799 736 quam
841 675 892 718 in
930 677 1160 720 octavales
1193 676 1424 721 sessiones

31 759 341 815 dividantur3
396 763 753 818 consequenter
790 764 836 801 et
864 757 971 819 ipsa
1009 757 1289 801 distributio
1322 774 1425 801 non

28 838 188 883 stricte
219 836 353 896 juxta
380 838 597 899 integras
618 870 631 892 ‚
668 826 877 893 medias,
915 839 1183 899 q11a1·taleS‚
1221 839 1306 882 sed
1329 856 1428 882 ma-

29 919 99 981 gis
125 917 258 978 juxta
285 918 520 963 octavales
555 917 787 962 sessiones
834 917 903 960 ita
936 918 1048 974 fiat,
1095 925 1147 962 ut
1179 919 1429 980 unusquis-

31 1015 122 1060 que
157 999 356 1043 colonus
393 1016 486 1060 pro
512 1005 582 1042 tot
609 997 996 1042 octavalitatihus
1017 1031 1031 1054 ,
1069 1005 1188 1061 quot
1211 998 1429 1059 posside-

30 1078 128 1135 bit,
162 1080 452 1140 praestanda
477 1086 726 1141 praestare
756 1078 950 1123 debeat.

165 1171 237 1205 17.
278 1159 522 1204 Urhariali
553 1160 753 1203 tabellae
790 1175 879 1219 per
927 1158 1232 1205 comissarios
1267 1161 1431 1223 regios

33 1237 123 1282 sihi
147 1240 473 1282 extradandae
503 1237 662 1281 omnis
698 1235 895 1299 generis
930 1239 1223 1297 praestanda
1245 1239 1431 1284 calculo

32 1318 337 1363 arithmetico
361 1317 605 1370 eruenda,
645 1316 705 1359 de
734 1316 990 1359 individuo
1026 1318 1086 1360 ad
1120 1317 1431 1363 individuum

31 1398 321 1450 inser-ibent,
390 1401 437 1438 et
474 1394 601 1436 hanc
632 1393 864 1437 tabellam
901 1394 987 1437 sub
1019 1394 1325 1456 quadruplici
1358 1414 1434 1443 ex-

36 1476 243 1539 emplari
282 1474 554 1536 expedient.

169 1566 239 1605 18.
277 1553 615 1600 Declarabunt
649 1561 816 1599 tamen
853 1561 901 1598 et
944 1553 1153 1599 dominis
1189 1557 1434 1600 terrestri-

34 1637 121 1681 hus
150 1644 195 1681 et
217 1635 331 1697 ipsis
364 1634 599 1689 subditis,
645 1641 697 1678 ut
739 1634 777 1678 si
808 1651 960 1695 penes
1004 1633 1275 1680 fundorum
1302 1654 1434 1683 reve-

32 1716 269 1761 lationem
299 1733 390 1778 per
426 1715 609 1758 horum
647 1714 961 1759 sessionalem
999 1715 1289 1762 excisionem
1337 1717 1434 1763 sors

20 1813 175 1842 -error
200 1794 376 1857 aliquis
406 1794 787 1850 intercessisset,
824 1801 870 1839 et
901 1795 1031 1840 hunc
1064 1812 1163 1840 una
1185 1799 1263 1842 vel
1284 1800 1436 1844 altera

36 1893 148 1937 pars
201 1891 292 1936 per
340 1874 696 1937 geometricam
743 1875 1219 1921 dimensurationem
1272 1878 1436 1941 reipsa

39 1957 253 2002 evenisse
281 1973 364 2000 suo
387 1956 490 2000 loco
514 1961 889 2011 remonstraret‚
948 1962 1061 2001 tunc
1089 1974 1186 2002 non
1214 1959 1435 2005 obstante

39 2038 129 2082 hac
157 2036 322 2097 prima
347 2035 619 2080 fundorum
645 2034 990 2079 sessionalium
1027 2038 1271 2083 excisione
1306 2042 1435 2101 parti

39 2117 194 2162 laesae
236 2116 341 2160 talis
384 2115 567 2159 erroris
605 2113 731 2173 justa
776 2117 1105 2176 compensatio
1154 2134 1350 2181 semper
1384 2121 1436 2165 in

43 2198 172 2242 salvo
207 2196 443 2242 manebit.

178 2289 249 2332 19.
286 2276 333 2322 Si
363 2292 478 2322 vero
510 2292 610 2320 una
635 2276 708 2321 vel
745 2277 895 2321 altera
921 2293 1031 2338 pars
1079 2278 1167 2323 suh
1209 2278 1312 2339 ipsa
1357 2295 1437 2322 ur-

43 2357 242 2404 barialis
275 2356 594 2419 regulationis
622 2357 909 2401 executione
936 2364 1088 2402 semet
1121 2359 1301 2403 laesam
1337 2376 1435 2404 esse

45 2438 419 2501 praetenderet,
435 2446 481 2483 et
499 2444 788 2499 exequentes
805 2437 1192 2500 magistratuales
1218 2455 1325 2482 rem
1347 2439 1436 2484 sub

47 2520 152 2582 ipsa
178 2518 462 2581 operatione
494 2535 784 2580 componere
815 2536 915 2562 non
944 2527 1174 2579 possent,
1206 2526 1321 2563 tunc
1346 2527 1438 2566 ter-

48 2601 267 2646 minetur
299 2600 498 2662 quidem
532 2616 586 2644 eo
628 2617 725 2644 non
770 2600 994 2644 obstante
1033 2599 1281 2658 executio3
1338 2607 1438 2646 tota

53 2690 215 2728 tamen
257 2681 514 2726 difficultas
553 2696 663 2725 cum
718 2680 940 2725 omnibus
980 2696 1035 2725 eo
1073 2680 1436 2742 pertinentibus
