<?xml version="1.0" encoding="UTF-8"?>
<!DOCTYPE html PUBLIC "-//W3C//DTD XHTML 1.0 Transitional//EN"
    "http://www.w3.org/TR/xhtml1/DTD/xhtml1-transitional.dtd">
<html xmlns="http://www.w3.org/1999/xhtml" xml:lang="en" lang="en">
 <head>
  <title>
</title>
<meta http-equiv="Content-Type" content="text/html;charset=utf-8" />
  <meta name='ocr-system' content='tesseract 3.04.00' />
  <meta name='ocr-capabilities' content='ocr_page ocr_carea ocr_par ocr_line ocrx_word'/>
</head>
<body>
  <div class='ocr_page' id='page_1' title='image "./constitutioreiur02paul_0291.png"; bbox 0 0 1669 3189; ppageno 0'>
   <div class='ocr_carea' id='block_1_1' title="bbox 560 175 898 216">
    <p class='ocr_par' dir='ltr' id='par_1_1' title="bbox 560 175 898 216">
     <span class='ocr_line' id='line_1_1' title="bbox 560 175 898 216; baseline -0.006 1"><span class='ocrx_word' id='word_1_1' title='bbox 560 175 898 216; x_wconf 65' lang='lat' dir='ltr'>mom-m·</span> 
     </span>
    </p>
   </div>
   <div class='ocr_carea' id='block_1_2' title="bbox 41 278 1444 2667">
    <p class='ocr_par' dir='ltr' id='par_1_2' title="bbox 41 278 1443 1707">
     <span class='ocr_line' id='line_1_2' title="bbox 43 278 1436 346; baseline -0.003 -16"><span class='ocrx_word' id='word_1_2' title='bbox 43 291 91 330; x_wconf 85' lang='lat' dir='ltr'>et</span> <span class='ocrx_word' id='word_1_3' title='bbox 115 300 140 329; x_wconf 94' lang='lat' dir='ltr'>a</span> <span class='ocrx_word' id='word_1_4' title='bbox 168 283 487 346; x_wconf 79' lang='lat' dir='ltr'>proportione</span> <span class='ocrx_word' id='word_1_5' title='bbox 516 283 797 329; x_wconf 78' lang='lat' dir='ltr'>existentiae</span> <span class='ocrx_word' id='word_1_6' title='bbox 818 314 831 339; x_wconf 82' lang='grc'>,</span> <span class='ocrx_word' id='word_1_7' title='bbox 866 278 1114 327; x_wconf 84' lang='lat' dir='ltr'>inferioris</span> <span class='ocrx_word' id='word_1_8' title='bbox 1145 281 1293 327; x_wconf 82' lang='lat' dir='ltr'>etiam</span> <span class='ocrx_word' id='word_1_9' title='bbox 1327 298 1436 343; x_wconf 73' lang='lat' dir='ltr'>qua-</span> 
     </span>
     <span class='ocr_line' id='line_1_3' title="bbox 45 362 1437 426; baseline -0.002 -17"><span class='ocrx_word' id='word_1_10' title='bbox 45 365 192 409; x_wconf 90' lang='lat' dir='ltr'>litatis</span> <span class='ocrx_word' id='word_1_11' title='bbox 218 381 299 409; x_wconf 88' lang='lat' dir='ltr'>sex</span> <span class='ocrx_word' id='word_1_12' title='bbox 333 365 543 421; x_wconf 77' lang='lat' dir='ltr'>colonos,</span> <span class='ocrx_word' id='word_1_13' title='bbox 561 363 852 426; x_wconf 86' lang='lat' dir='ltr'>expediente</span> <span class='ocrx_word' id='word_1_14' title='bbox 870 363 928 406; x_wconf 88' lang='lat' dir='ltr'>ad</span> <span class='ocrx_word' id='word_1_15' title='bbox 952 379 1057 407; x_wconf 87' lang='lat' dir='ltr'>rem</span> <span class='ocrx_word' id='word_1_16' title='bbox 1095 362 1437 417; x_wconf 71' lang='lat' dir='ltr'>declaratione,</span> 
     </span>
     <span class='ocr_line' id='line_1_4' title="bbox 44 441 1429 507; baseline -0.004 -18"><span class='ocrx_word' id='word_1_17' title='bbox 44 445 103 489; x_wconf 85' lang='lat' dir='ltr'>de</span> <span class='ocrx_word' id='word_1_18' title='bbox 142 445 308 489; x_wconf 81' lang='lat' dir='ltr'>habito</span> <span class='ocrx_word' id='word_1_19' title='bbox 348 445 506 506; x_wconf 86' lang='lat' dir='ltr'>quoad</span> <span class='ocrx_word' id='word_1_20' title='bbox 534 445 782 507; x_wconf 83' lang='lat' dir='ltr'>singulum</span> <span class='ocrx_word' id='word_1_21' title='bbox 815 459 1051 504; x_wconf 87' lang='lat' dir='ltr'>pecorum</span> <span class='ocrx_word' id='word_1_22' title='bbox 1082 441 1429 504; x_wconf 84' lang='lat' dir='ltr'>pecudumque</span> 
     </span>
     <span class='ocr_line' id='line_1_5' title="bbox 44 519 1434 584; baseline -0.005 -14"><span class='ocrx_word' id='word_1_23' title='bbox 44 542 254 570; x_wconf 89' lang='lat' dir='ltr'>numero</span> <span class='ocrx_word' id='word_1_24' title='bbox 304 524 616 578; x_wconf 78' lang='lat' dir='ltr'>examinent,</span> <span class='ocrx_word' id='word_1_25' title='bbox 662 531 895 584; x_wconf 84' lang='lat' dir='ltr'>erutoque</span> <span class='ocrx_word' id='word_1_26' title='bbox 938 540 993 567; x_wconf 92' lang='lat' dir='ltr'>ex</span> <span class='ocrx_word' id='word_1_27' title='bbox 1034 523 1109 566; x_wconf 90' lang='lat' dir='ltr'>his</span> <span class='ocrx_word' id='word_1_28' title='bbox 1141 519 1434 566; x_wconf 85' lang='lat' dir='ltr'>fassionihus</span> 
     </span>
     <span class='ocr_line' id='line_1_6' title="bbox 45 598 1438 666; baseline -0.005 -17"><span class='ocrx_word' id='word_1_29' title='bbox 45 606 442 666; x_wconf 86' lang='lat' dir='ltr'>medio,semper</span> <span class='ocrx_word' id='word_1_30' title='bbox 461 612 624 650; x_wconf 90' lang='lat' dir='ltr'>tamen</span> <span class='ocrx_word' id='word_1_31' title='bbox 655 604 715 647; x_wconf 83' lang='lat' dir='ltr'>ad</span> <span class='ocrx_word' id='word_1_32' title='bbox 741 601 1161 647; x_wconf 79' lang='lat' dir='ltr'>conservationem</span> <span class='ocrx_word' id='word_1_33' title='bbox 1197 598 1438 645; x_wconf 89' lang='lat' dir='ltr'>contribu-</span> 
     </span>
     <span class='ocr_line' id='line_1_7' title="bbox 45 681 1440 743; baseline -0.005 -14"><span class='ocrx_word' id='word_1_34' title='bbox 45 685 238 730; x_wconf 90' lang='lat' dir='ltr'>entium</span> <span class='ocrx_word' id='word_1_35' title='bbox 271 683 516 739; x_wconf 75' lang='lat' dir='ltr'>librando,</span> <span class='ocrx_word' id='word_1_36' title='bbox 547 681 878 728; x_wconf 85' lang='lat' dir='ltr'>determinent</span> <span class='ocrx_word' id='word_1_37' title='bbox 900 681 949 725; x_wconf 89' lang='lat' dir='ltr'>in</span> <span class='ocrx_word' id='word_1_38' title='bbox 965 682 1150 743; x_wconf 76' lang='lat' dir='ltr'>singulo</span> <span class='ocrx_word' id='word_1_39' title='bbox 1174 681 1306 736; x_wconf 78' lang='lat' dir='ltr'>loco,</span> <span class='ocrx_word' id='word_1_40' title='bbox 1326 684 1440 740; x_wconf 82' lang='lat' dir='ltr'>quot</span> 
     </span>
     <span class='ocr_line' id='line_1_8' title="bbox 41 759 1436 826; baseline -0.004 -18"><span class='ocrx_word' id='word_1_41' title='bbox 41 781 132 826; x_wconf 87' lang='lat' dir='ltr'>pro</span> <span class='ocrx_word' id='word_1_42' title='bbox 158 764 321 808; x_wconf 82' lang='lat' dir='ltr'>futuro</span> <span class='ocrx_word' id='word_1_43' title='bbox 347 778 524 825; x_wconf 88' lang='lat' dir='ltr'>pecora</span> <span class='ocrx_word' id='word_1_44' title='bbox 552 769 600 806; x_wconf 88' lang='lat' dir='ltr'>et</span> <span class='ocrx_word' id='word_1_45' title='bbox 635 762 848 823; x_wconf 89' lang='lat' dir='ltr'>pecudes</span> <span class='ocrx_word' id='word_1_46' title='bbox 877 759 1079 822; x_wconf 83' lang='lat' dir='ltr'>quilibet</span> <span class='ocrx_word' id='word_1_47' title='bbox 1116 766 1215 803; x_wconf 80' lang='lat' dir='ltr'>tam</span> <span class='ocrx_word' id='word_1_48' title='bbox 1248 759 1436 820; x_wconf 78' lang='lat' dir='ltr'>superi-</span> 
     </span>
     <span class='ocr_line' id='line_1_9' title="bbox 45 840 1439 907; baseline -0.005 -18"><span class='ocrx_word' id='word_1_49' title='bbox 45 861 128 901; x_wconf 77' lang='lat' dir='ltr'>or,</span> <span class='ocrx_word' id='word_1_50' title='bbox 181 852 327 907; x_wconf 87' lang='lat' dir='ltr'>quam</span> <span class='ocrx_word' id='word_1_51' title='bbox 370 840 579 886; x_wconf 82' lang='lat' dir='ltr'>inferior</span> <span class='ocrx_word' id='word_1_52' title='bbox 623 841 839 886; x_wconf 82' lang='lat' dir='ltr'>officialis</span> <span class='ocrx_word' id='word_1_53' title='bbox 881 840 1142 885; x_wconf 85' lang='lat' dir='ltr'>dominalis</span> <span class='ocrx_word' id='word_1_54' title='bbox 1171 873 1183 895; x_wconf 84' lang='lat'>‚</span> <span class='ocrx_word' id='word_1_55' title='bbox 1233 840 1439 884; x_wconf 83' lang='lat' dir='ltr'>servitor</span> 
     </span>
     <span class='ocr_line' id='line_1_10' title="bbox 41 920 1443 986; baseline -0.004 -17"><span class='ocrx_word' id='word_1_56' title='bbox 41 925 162 969; x_wconf 86' lang='lat' dir='ltr'>item</span> <span class='ocrx_word' id='word_1_57' title='bbox 190 931 238 969; x_wconf 86' lang='lat' dir='ltr'>et</span> <span class='ocrx_word' id='word_1_58' title='bbox 262 922 604 986; x_wconf 76' lang='lat' dir='ltr'>ludimagister</span> <span class='ocrx_word' id='word_1_59' title='bbox 649 923 783 967; x_wconf 86' lang='lat' dir='ltr'>alere</span> <span class='ocrx_word' id='word_1_60' title='bbox 829 922 1012 983; x_wconf 76' lang='lat' dir='ltr'>possit,</span> <span class='ocrx_word' id='word_1_61' title='bbox 1050 927 1097 964; x_wconf 90' lang='lat' dir='ltr'>et</span> <span class='ocrx_word' id='word_1_62' title='bbox 1141 920 1339 981; x_wconf 81' lang='lat' dir='ltr'>quidem</span> <span class='ocrx_word' id='word_1_63' title='bbox 1387 936 1443 964; x_wconf 86' lang='lat' dir='ltr'>ea</span> 
     </span>
     <span class='ocr_line' id='line_1_11' title="bbox 44 1001 1442 1065; baseline -0.004 -16"><span class='ocrx_word' id='word_1_64' title='bbox 44 1005 271 1060; x_wconf 73' lang='lat' dir='ltr'>ratione,</span> <span class='ocrx_word' id='word_1_65' title='bbox 306 1011 360 1048; x_wconf 90' lang='lat' dir='ltr'>ut</span> <span class='ocrx_word' id='word_1_66' title='bbox 401 1020 493 1065; x_wconf 81' lang='lat' dir='ltr'>pro</span> <span class='ocrx_word' id='word_1_67' title='bbox 548 1003 801 1064; x_wconf 84' lang='lat' dir='ltr'>superiore</span> <span class='ocrx_word' id='word_1_68' title='bbox 839 1001 1044 1047; x_wconf 79' lang='lat' dir='ltr'>officiale</span> <span class='ocrx_word' id='word_1_69' title='bbox 1083 1001 1321 1046; x_wconf 82' lang='lat' dir='ltr'>dominali</span> <span class='ocrx_word' id='word_1_70' title='bbox 1368 1017 1442 1044; x_wconf 81' lang='lat' dir='ltr'>re-</span> 
     </span>
     <span class='ocr_line' id='line_1_12' title="bbox 43 1082 1441 1146; baseline -0.006 -15"><span class='ocrx_word' id='word_1_71' title='bbox 43 1085 162 1131; x_wconf 84' lang='lat' dir='ltr'>flexe</span> <span class='ocrx_word' id='word_1_72' title='bbox 203 1084 264 1128; x_wconf 87' lang='lat' dir='ltr'>ad</span> <span class='ocrx_word' id='word_1_73' title='bbox 331 1100 408 1128; x_wconf 89' lang='lat' dir='ltr'>sex</span> <span class='ocrx_word' id='word_1_74' title='bbox 457 1084 678 1146; x_wconf 73' lang='lat' dir='ltr'>integrae</span> <span class='ocrx_word' id='word_1_75' title='bbox 728 1082 953 1127; x_wconf 74' lang='lat' dir='ltr'>sessionis</span> <span class='ocrx_word' id='word_1_76' title='bbox 999 1083 1192 1127; x_wconf 88' lang='lat' dir='ltr'>colonos</span> <span class='ocrx_word' id='word_1_77' title='bbox 1244 1088 1441 1125; x_wconf 83' lang='lat' dir='ltr'>erutum</span> 
     </span>
     <span class='ocr_line' id='line_1_13' title="bbox 48 1162 1443 1226; baseline -0.004 -17"><span class='ocrx_word' id='word_1_78' title='bbox 48 1165 298 1220; x_wconf 83' lang='lat' dir='ltr'>medium,</span> <span class='ocrx_word' id='word_1_79' title='bbox 355 1179 447 1226; x_wconf 88' lang='lat' dir='ltr'>pro</span> <span class='ocrx_word' id='word_1_80' title='bbox 488 1163 802 1209; x_wconf 82' lang='lat' dir='ltr'>inferioribus</span> <span class='ocrx_word' id='word_1_81' title='bbox 854 1180 972 1208; x_wconf 75' lang='lat' dir='ltr'>vero</span> <span class='ocrx_word' id='word_1_82' title='bbox 1015 1162 1302 1208; x_wconf 74' lang='lat' dir='ltr'>officialibus</span> <span class='ocrx_word' id='word_1_83' title='bbox 1346 1176 1443 1204; x_wconf 84' lang='lat' dir='ltr'>ser-</span> 
     </span>
     <span class='ocr_line' id='line_1_14' title="bbox 47 1242 1441 1307; baseline -0.003 -19"><span class='ocrx_word' id='word_1_84' title='bbox 47 1244 283 1288; x_wconf 85' lang='lat' dir='ltr'>vitoribus</span> <span class='ocrx_word' id='word_1_85' title='bbox 314 1277 328 1300; x_wconf 88' lang='lat'><strong><em>,</em></strong></span> <span class='ocrx_word' id='word_1_86' title='bbox 377 1251 423 1288; x_wconf 92' lang='lat' dir='ltr'>et</span> <span class='ocrx_word' id='word_1_87' title='bbox 470 1244 820 1307; x_wconf 79' lang='lat' dir='ltr'>ludimagistris</span> <span class='ocrx_word' id='word_1_88' title='bbox 848 1243 1008 1306; x_wconf 84' lang='lat' dir='ltr'>quoad</span> <span class='ocrx_word' id='word_1_89' title='bbox 1039 1247 1081 1291; x_wconf 80' lang='lat'>6.</span> <span class='ocrx_word' id='word_1_90' title='bbox 1117 1242 1309 1287; x_wconf 75' lang='lat' dir='ltr'>mediae</span> <span class='ocrx_word' id='word_1_91' title='bbox 1346 1256 1441 1285; x_wconf 89' lang='lat' dir='ltr'>ses-</span> 
     </span>
     <span class='ocr_line' id='line_1_15' title="bbox 47 1323 1443 1386; baseline -0.001 -18"><span class='ocrx_word' id='word_1_92' title='bbox 47 1323 191 1368; x_wconf 85' lang='lat' dir='ltr'>sionis</span> <span class='ocrx_word' id='word_1_93' title='bbox 229 1323 424 1369; x_wconf 89' lang='lat' dir='ltr'>colonos</span> <span class='ocrx_word' id='word_1_94' title='bbox 473 1331 671 1369; x_wconf 87' lang='lat' dir='ltr'>erutum</span> <span class='ocrx_word' id='word_1_95' title='bbox 703 1324 947 1379; x_wconf 78' lang='lat' dir='ltr'>medium,</span> <span class='ocrx_word' id='word_1_96' title='bbox 993 1324 1043 1367; x_wconf 89' lang='lat' dir='ltr'>in</span> <span class='ocrx_word' id='word_1_97' title='bbox 1082 1329 1287 1386; x_wconf 87' lang='lat' dir='ltr'>utroque</span> <span class='ocrx_word' id='word_1_98' title='bbox 1332 1338 1443 1366; x_wconf 71' lang='lat' dir='ltr'>casu</span> 
     </span>
     <span class='ocr_line' id='line_1_16' title="bbox 44 1403 1443 1465; baseline -0.004 -16"><span class='ocrx_word' id='word_1_99' title='bbox 44 1420 191 1449; x_wconf 87' lang='lat' dir='ltr'>unam</span> <span class='ocrx_word' id='word_1_100' title='bbox 229 1405 461 1448; x_wconf 82' lang='lat' dir='ltr'>duntaxat</span> <span class='ocrx_word' id='word_1_101' title='bbox 504 1404 822 1449; x_wconf 80' lang='lat' dir='ltr'>sextalitatem</span> <span class='ocrx_word' id='word_1_102' title='bbox 864 1411 1068 1449; x_wconf 75' lang='lat' dir='ltr'>statuant</span> <span class='ocrx_word' id='word_1_103' title='bbox 1090 1437 1103 1459; x_wconf 88' lang='grc'>,</span> <span class='ocrx_word' id='word_1_104' title='bbox 1140 1411 1280 1465; x_wconf 84' lang='lat' dir='ltr'>atque.</span> <span class='ocrx_word' id='word_1_105' title='bbox 1317 1403 1443 1445; x_wconf 77' lang='lat' dir='ltr'>hanc</span> 
     </span>
     <span class='ocr_line' id='line_1_17' title="bbox 47 1481 1442 1545; baseline -0.004 -16"><span class='ocrx_word' id='word_1_106' title='bbox 47 1485 510 1530; x_wconf 83' lang='lat' dir='ltr'>determinationem</span> <span class='ocrx_word' id='word_1_107' title='bbox 549 1502 662 1529; x_wconf 90' lang='lat' dir='ltr'>cum</span> <span class='ocrx_word' id='word_1_108' title='bbox 692 1485 958 1530; x_wconf 85' lang='lat' dir='ltr'>rationibus</span> <span class='ocrx_word' id='word_1_109' title='bbox 993 1500 1085 1545; x_wconf 88' lang='lat' dir='ltr'>pro</span> <span class='ocrx_word' id='word_1_110' title='bbox 1112 1481 1442 1544; x_wconf 78' lang='lat' dir='ltr'>impertienda</span> 
     </span>
     <span class='ocr_line' id='line_1_18' title="bbox 46 1561 1442 1627; baseline -0.003 -19"><span class='ocrx_word' id='word_1_111' title='bbox 46 1565 258 1626; x_wconf 85' lang='lat' dir='ltr'>desuper</span> <span class='ocrx_word' id='word_1_112' title='bbox 292 1564 590 1608; x_wconf 78' lang='lat' dir='ltr'>resolutione</span> <span class='ocrx_word' id='word_1_113' title='bbox 632 1565 769 1627; x_wconf 77' lang='lat' dir='ltr'>regia</span> <span class='ocrx_word' id='word_1_114' title='bbox 796 1564 1169 1609; x_wconf 80' lang='lat' dir='ltr'>fundamentum</span> <span class='ocrx_word' id='word_1_115' title='bbox 1195 1561 1442 1623; x_wconf 87' lang='lat' dir='ltr'>praebitu-</span> 
     </span>
     <span class='ocr_line' id='line_1_19' title="bbox 45 1643 1005 1707; baseline 0 -19"><span class='ocrx_word' id='word_1_116' title='bbox 45 1645 111 1690; x_wconf 86' lang='lat' dir='ltr'>ris</span> <span class='ocrx_word' id='word_1_117' title='bbox 135 1678 150 1702; x_wconf 76' lang='grc'>,</span> <span class='ocrx_word' id='word_1_118' title='bbox 186 1643 468 1690; x_wconf 84' lang='lat' dir='ltr'>comissario</span> <span class='ocrx_word' id='word_1_119' title='bbox 500 1643 637 1707; x_wconf 78' lang='lat' dir='ltr'>regio</span> <span class='ocrx_word' id='word_1_120' title='bbox 663 1645 1005 1689; x_wconf 85' lang='lat' dir='ltr'>transmittant.</span> 
     </span>
    </p>

    <p class='ocr_par' dir='ltr' id='par_1_3' title="bbox 45 1719 1444 2346">
     <span class='ocr_line' id='line_1_20' title="bbox 176 1719 1444 1769; baseline -0.003 -1"><span class='ocrx_word' id='word_1_121' title='bbox 176 1724 419 1768; x_wconf 76' lang='lat' dir='ltr'>officiales</span> <span class='ocrx_word' id='word_1_122' title='bbox 456 1740 575 1769; x_wconf 79' lang='lat' dir='ltr'>vero</span> <span class='ocrx_word' id='word_1_123' title='bbox 623 1725 891 1768; x_wconf 88' lang='lat' dir='ltr'>dominales</span> <span class='ocrx_word' id='word_1_124' title='bbox 939 1731 1073 1768; x_wconf 83' lang='lat' dir='ltr'>extra</span> <span class='ocrx_word' id='word_1_125' title='bbox 1098 1723 1263 1766; x_wconf 85' lang='lat' dir='ltr'>locum</span> <span class='ocrx_word' id='word_1_126' title='bbox 1290 1719 1444 1766; x_wconf 80' lang='lat' dir='ltr'>domi-</span> 
     </span>
     <span class='ocr_line' id='line_1_21' title="bbox 51 1799 1441 1859; baseline -0.004 -11"><span class='ocrx_word' id='word_1_127' title='bbox 51 1804 152 1849; x_wconf 87' lang='lat' dir='ltr'>cilii</span> <span class='ocrx_word' id='word_1_128' title='bbox 201 1801 449 1847; x_wconf 88' lang='lat' dir='ltr'>constituti</span> <span class='ocrx_word' id='word_1_129' title='bbox 478 1802 640 1846; x_wconf 77' lang='lat' dir='ltr'>favore</span> <span class='ocrx_word' id='word_1_130' title='bbox 665 1800 811 1859; x_wconf 87' lang='lat' dir='ltr'>hujus</span> <span class='ocrx_word' id='word_1_131' title='bbox 846 1799 1164 1845; x_wconf 86' lang='lat' dir='ltr'>concessionis</span> <span class='ocrx_word' id='word_1_132' title='bbox 1197 1800 1441 1844; x_wconf 78' lang='lat' dir='ltr'>extensive</span> 
     </span>
     <span class='ocr_line' id='line_1_22' title="bbox 46 1881 1440 1942; baseline -0.004 -15"><span class='ocrx_word' id='word_1_133' title='bbox 46 1883 107 1927; x_wconf 86' lang='lat' dir='ltr'>ad</span> <span class='ocrx_word' id='word_1_134' title='bbox 131 1881 226 1928; x_wconf 86' lang='lat' dir='ltr'>alia</span> <span class='ocrx_word' id='word_1_135' title='bbox 242 1883 347 1926; x_wconf 87' lang='lat' dir='ltr'>loca</span> <span class='ocrx_word' id='word_1_136' title='bbox 375 1881 444 1925; x_wconf 90' lang='lat' dir='ltr'>uti</span> <span class='ocrx_word' id='word_1_137' title='bbox 463 1887 729 1942; x_wconf 78' lang='lat' dir='ltr'>nequeant,</span> <span class='ocrx_word' id='word_1_138' title='bbox 757 1887 804 1924; x_wconf 86' lang='lat' dir='ltr'>et</span> <span class='ocrx_word' id='word_1_139' title='bbox 844 1881 904 1924; x_wconf 90' lang='lat' dir='ltr'>ad</span> <span class='ocrx_word' id='word_1_140' title='bbox 918 1881 1056 1924; x_wconf 82' lang='lat' dir='ltr'>illam</span> <span class='ocrx_word' id='word_1_141' title='bbox 1076 1881 1306 1925; x_wconf 85' lang='lat' dir='ltr'>duntaxat</span> <span class='ocrx_word' id='word_1_142' title='bbox 1335 1894 1440 1939; x_wconf 88' lang='lat' dir='ltr'>spe-</span> 
     </span>
     <span class='ocr_line' id='line_1_23' title="bbox 46 1958 1444 2023; baseline -0.004 -16"><span class='ocrx_word' id='word_1_143' title='bbox 46 1962 172 2008; x_wconf 87' lang='lat' dir='ltr'>ciem</span> <span class='ocrx_word' id='word_1_144' title='bbox 215 1961 505 2007; x_wconf 89' lang='lat' dir='ltr'>alendorum</span> <span class='ocrx_word' id='word_1_145' title='bbox 542 1977 810 2023; x_wconf 85' lang='lat' dir='ltr'>pecorum,</span> <span class='ocrx_word' id='word_1_146' title='bbox 863 1977 915 2005; x_wconf 78' lang='lat' dir='ltr'>ac</span> <span class='ocrx_word' id='word_1_147' title='bbox 961 1960 1205 2022; x_wconf 87' lang='lat' dir='ltr'>pecudum</span> <span class='ocrx_word' id='word_1_148' title='bbox 1245 1958 1444 2002; x_wconf 81' lang='lat' dir='ltr'>restrin-</span> 
     </span>
     <span class='ocr_line' id='line_1_24' title="bbox 46 2039 1441 2106; baseline -0.005 -18"><span class='ocrx_word' id='word_1_149' title='bbox 46 2049 246 2106; x_wconf 86' lang='lat' dir='ltr'>gantur,</span> <span class='ocrx_word' id='word_1_150' title='bbox 289 2042 421 2105; x_wconf 91' lang='lat' dir='ltr'>cujus</span> <span class='ocrx_word' id='word_1_151' title='bbox 447 2058 624 2104; x_wconf 87' lang='lat' dir='ltr'>nempe</span> <span class='ocrx_word' id='word_1_152' title='bbox 652 2058 796 2087; x_wconf 87' lang='lat' dir='ltr'>usum</span> <span class='ocrx_word' id='word_1_153' title='bbox 820 2040 916 2103; x_wconf 87' lang='lat' dir='ltr'>ipsi</span> <span class='ocrx_word' id='word_1_154' title='bbox 948 2041 1129 2086; x_wconf 87' lang='lat' dir='ltr'>subditi</span> <span class='ocrx_word' id='word_1_155' title='bbox 1155 2040 1332 2085; x_wconf 89' lang='lat' dir='ltr'>locales</span> <span class='ocrx_word' id='word_1_156' title='bbox 1361 2039 1441 2082; x_wconf 87' lang='lat' dir='ltr'>ob-</span> 
     </span>
     <span class='ocr_line' id='line_1_25' title="bbox 45 2120 1441 2186; baseline -0.002 -20"><span class='ocrx_word' id='word_1_157' title='bbox 45 2123 226 2180; x_wconf 83' lang='lat' dir='ltr'>tinent,</span> <span class='ocrx_word' id='word_1_158' title='bbox 263 2123 475 2186; x_wconf 90' lang='lat' dir='ltr'>denique</span> <span class='ocrx_word' id='word_1_159' title='bbox 513 2130 566 2166; x_wconf 93' lang='lat' dir='ltr'>ut</span> <span class='ocrx_word' id='word_1_160' title='bbox 594 2139 772 2184; x_wconf 88' lang='lat' dir='ltr'>pecora</span> <span class='ocrx_word' id='word_1_161' title='bbox 797 2139 881 2167; x_wconf 91' lang='lat' dir='ltr'>sua</span> <span class='ocrx_word' id='word_1_162' title='bbox 903 2137 993 2167; x_wconf 88' lang='lat' dir='ltr'>nec</span> <span class='ocrx_word' id='word_1_163' title='bbox 1028 2120 1080 2166; x_wconf 91' lang='lat' dir='ltr'>in</span> <span class='ocrx_word' id='word_1_164' title='bbox 1108 2122 1299 2182; x_wconf 82' lang='lat' dir='ltr'>privato</span> <span class='ocrx_word' id='word_1_165' title='bbox 1340 2136 1441 2181; x_wconf 81' lang='lat' dir='ltr'>pas-</span> 
     </span>
     <span class='ocr_line' id='line_1_26' title="bbox 47 2201 1441 2263; baseline -0.004 -14"><span class='ocrx_word' id='word_1_166' title='bbox 47 2221 135 2250; x_wconf 85' lang='lat' dir='ltr'>cuo</span> <span class='ocrx_word' id='word_1_167' title='bbox 171 2205 328 2261; x_wconf 77' lang='lat' dir='ltr'>alant,</span> <span class='ocrx_word' id='word_1_168' title='bbox 351 2220 525 2249; x_wconf 84' lang='lat' dir='ltr'>verum</span> <span class='ocrx_word' id='word_1_169' title='bbox 551 2220 659 2248; x_wconf 89' lang='lat' dir='ltr'>curn</span> <span class='ocrx_word' id='word_1_170' title='bbox 684 2202 1043 2248; x_wconf 86' lang='lat' dir='ltr'>communitatis</span> <span class='ocrx_word' id='word_1_171' title='bbox 1066 2202 1325 2263; x_wconf 84' lang='lat' dir='ltr'>pecoribus</span> <span class='ocrx_word' id='word_1_172' title='bbox 1355 2201 1441 2245; x_wconf 84' lang='lat' dir='ltr'>sub</span> 
     </span>
     <span class='ocr_line' id='line_1_27' title="bbox 49 2283 1323 2346; baseline -0.002 -17"><span class='ocrx_word' id='word_1_173' title='bbox 49 2284 270 2330; x_wconf 87' lang='lat' dir='ltr'>custodia</span> <span class='ocrx_word' id='word_1_174' title='bbox 295 2285 656 2331; x_wconf 85' lang='lat' dir='ltr'>communitatis</span> <span class='ocrx_word' id='word_1_175' title='bbox 683 2284 886 2346; x_wconf 87' lang='lat' dir='ltr'>pastoris</span> <span class='ocrx_word' id='word_1_176' title='bbox 915 2283 1020 2345; x_wconf 81' lang='lat' dir='ltr'>ipsa</span> <span class='ocrx_word' id='word_1_177' title='bbox 1051 2289 1323 2344; x_wconf 79' lang='lat' dir='ltr'>pascantur.</span> 
     </span>
    </p>

    <p class='ocr_par' dir='ltr' id='par_1_4' title="bbox 51 2360 1442 2667">
     <span class='ocr_line' id='line_1_28' title="bbox 176 2360 1440 2428; baseline -0.005 -18"><span class='ocrx_word' id='word_1_178' title='bbox 176 2366 236 2410; x_wconf 90' lang='lat' dir='ltr'>Et</span> <span class='ocrx_word' id='word_1_179' title='bbox 281 2366 392 2428; x_wconf 79' lang='lat' dir='ltr'>quia</span> <span class='ocrx_word' id='word_1_180' title='bbox 441 2364 635 2428; x_wconf 85' lang='lat' dir='ltr'>publica</span> <span class='ocrx_word' id='word_1_181' title='bbox 672 2364 964 2408; x_wconf 88' lang='lat' dir='ltr'>notorietate</span> <span class='ocrx_word' id='word_1_182' title='bbox 1003 2369 1265 2418; x_wconf 81' lang='lat' dir='ltr'>constaret,</span> <span class='ocrx_word' id='word_1_183' title='bbox 1311 2360 1440 2423; x_wconf 91' lang='lat' dir='ltr'>quod</span> 
     </span>
     <span class='ocr_line' id='line_1_29' title="bbox 53 2442 1442 2510; baseline -0.005 -18"><span class='ocrx_word' id='word_1_184' title='bbox 53 2447 275 2510; x_wconf 81' lang='lat' dir='ltr'>parochi,</span> <span class='ocrx_word' id='word_1_185' title='bbox 311 2447 545 2502; x_wconf 78' lang='lat' dir='ltr'>ministri,</span> <span class='ocrx_word' id='word_1_186' title='bbox 582 2453 629 2490; x_wconf 90' lang='lat' dir='ltr'>et</span> <span class='ocrx_word' id='word_1_187' title='bbox 653 2446 1108 2507; x_wconf 85' lang='lat' dir='ltr'>poponeslocorum</span> <span class='ocrx_word' id='word_1_188' title='bbox 1123 2451 1220 2488; x_wconf 82' lang='lat' dir='ltr'>tam</span> <span class='ocrx_word' id='word_1_189' title='bbox 1238 2442 1442 2487; x_wconf 86' lang='lat' dir='ltr'>cumdo-</span> 
     </span>
     <span class='ocr_line' id='line_1_30' title="bbox 55 2523 1438 2587; baseline -0.004 -15"><span class='ocrx_word' id='word_1_190' title='bbox 55 2527 307 2572; x_wconf 89' lang='lat' dir='ltr'>minorum</span> <span class='ocrx_word' id='word_1_191' title='bbox 332 2527 661 2583; x_wconf 82' lang='lat' dir='ltr'>terrestrium,</span> <span class='ocrx_word' id='word_1_192' title='bbox 690 2542 832 2587; x_wconf 85' lang='lat' dir='ltr'>quam</span> <span class='ocrx_word' id='word_1_193' title='bbox 862 2526 1008 2570; x_wconf 81' lang='lat' dir='ltr'>etiam</span> <span class='ocrx_word' id='word_1_194' title='bbox 1025 2523 1438 2570; x_wconf 85' lang='lat' dir='ltr'>contribuentium</span> 
     </span>
     <span class='ocr_line' id='line_1_31' title="bbox 51 2600 1438 2667; baseline 0.001 -18"><span class='ocrx_word' id='word_1_195' title='bbox 51 2606 392 2662; x_wconf 84' lang='lat' dir='ltr'>incommodo,</span> <span class='ocrx_word' id='word_1_196' title='bbox 421 2613 466 2650; x_wconf 92' lang='lat' dir='ltr'>et</span> <span class='ocrx_word' id='word_1_197' title='bbox 487 2605 742 2667; x_wconf 85' lang='lat' dir='ltr'>dispendio</span> <span class='ocrx_word' id='word_1_198' title='bbox 758 2606 835 2650; x_wconf 89' lang='lat' dir='ltr'>hic</span> <span class='ocrx_word' id='word_1_199' title='bbox 867 2613 913 2649; x_wconf 90' lang='lat' dir='ltr'>et</span> <span class='ocrx_word' id='word_1_200' title='bbox 946 2605 1014 2650; x_wconf 88' lang='lat' dir='ltr'>ibi</span> <span class='ocrx_word' id='word_1_201' title='bbox 1042 2600 1345 2652; x_wconf 61' lang='lat' dir='ltr'>&#39;‘excessivum</span> <span class='ocrx_word' id='word_1_202' title='bbox 1373 2622 1438 2651; x_wconf 87' lang='lat' dir='ltr'>as-</span> 
     </span>
    </p>
   </div>
   <div class='ocr_carea' id='block_1_3' title="bbox 56 2684 1439 2749">
    <p class='ocr_par' dir='ltr' id='par_1_5' title="bbox 56 2684 1439 2749">
     <span class='ocr_line' id='line_1_32' title="bbox 56 2684 1439 2749; baseline -0.001 -19"><span class='ocrx_word' id='word_1_203' title='bbox 56 2700 253 2732; x_wconf 78' lang='lat' dir='ltr'>servare</span> <span class='ocrx_word' id='word_1_204' title='bbox 271 2684 451 2730; x_wconf 81' lang='lat' dir='ltr'>soleant</span> <span class='ocrx_word' id='word_1_205' title='bbox 477 2692 792 2730; x_wconf 75' lang='lat' dir='ltr'>cornutorum</span> <span class='ocrx_word' id='word_1_206' title='bbox 821 2701 1075 2747; x_wconf 84' lang='lat' dir='ltr'>pecorum,</span> <span class='ocrx_word' id='word_1_207' title='bbox 1112 2702 1257 2749; x_wconf 79' lang='lat' dir='ltr'>quam</span> <span class='ocrx_word' id='word_1_208' title='bbox 1281 2694 1325 2733; x_wconf 89' lang='lat' dir='ltr'>et</span> <span class='ocrx_word' id='word_1_209' title='bbox 1343 2685 1439 2732; x_wconf 66' lang='lat' dir='ltr'>ovi-</span> 
     </span>
    </p>
   </div>
  </div>
 </body>
</html>
