1669 3189
789 258 797 265 -
857 234 939 281 354

215 347 516 400 restrictum,
567 343 628 386 ibi
652 355 773 385 nova
798 338 967 400 pascui
1000 338 1335 394 subaratione‚
1384 350 1465 386 aut
1496 343 1590 386 alio

213 432 361 476 inodo
387 427 507 473 illud
538 422 689 484 magis
714 439 812 466 non
842 421 1211 482 constringatur.

341 508 383 567 ᾗ.
411 513 456 554 4.
530 499 757 563 Lignatio
809 499 997 555 focalis,
1057 500 1140 543 ubi
1191 499 1347 560 sylvae
1397 516 1590 560 praeex-

209 591 391 641 istunt,
447 601 472 627 e
512 580 724 626 deciduis
763 588 843 626 aut
878 579 1026 623 aridis
1062 576 1205 641 lignis
1242 586 1288 624 et
1320 579 1371 622 in
1405 579 1586 622 horum

207 669 397 713 defectu
426 680 482 708 ex
505 662 616 724 ipsis
648 662 793 706 etiam
818 661 942 706 vivis
968 660 1250 716 arboribus,
1300 677 1394 703 non
1424 667 1590 707 tamen

205 744 467 792 fructiferis
492 743 551 788 ad
578 743 830 804 propriam
856 742 1088 786 duntaxat
1116 741 1456 785 necessitatem
1482 741 1590 786 sub-

204 828 314 872 ditis
342 825 476 870 licita
504 824 575 868 sit.

331 904 371 963 §.
401 916 439 951 5.
477 902 657 948 Aedilia
683 904 842 964 ligna,
880 918 994 964 erga
1015 899 1391 963 assignationem
1416 906 1581 943 tamen

201 984 437 1039 dominii,
499 991 545 1026 et
597 983 834 1026 arborum
883 980 1271 1045 designationem
1312 979 1363 1022 in
1409 978 1583 1022 eodem

198 1064 448 1109 territorio
483 1061 663 1106 colonis
693 1062 837 1124 gratis
862 1061 1203 1106 concedantur.

325 1143 365 1201 ᾗ.
395 1146 437 1189 O.
472 1137 709 1187 Si'focalis
735 1141 939 1203 lignatio
953 1142 1002 1185 in
1031 1139 1233 1201 proprio
1253 1137 1503 1182 territorio
1519 1139 1582 1181 ob

194 1222 463 1266 exilitatem
489 1222 728 1280 sylvarum
756 1236 853 1263 non
884 1219 1152 1272 suffecerit,
1203 1219 1322 1260 haec
1351 1218 1499 1260 etiam
1529 1217 1581 1261 in

194 1299 298 1342 aliis
324 1297 529 1341 dominii
548 1296 685 1354 sylvis
703 1296 1071 1355 proportionate
1096 1302 1260 1339 tamen
1279 1294 1577 1339 admittatur.

318 1383 355 1428 ᾧ.
386 1387 426 1422 ῖ.
465 1373 774 1417 Glandinatio
804 1371 988 1416 colonis
1027 1371 1078 1414 in
1118 1373 1370 1416 territorio
1400 1374 1580 1418 incola-

190 1464 263 1500 tus
291 1471 371 1499 sex
414 1450 665 1497 cruciferis
690 1451 912 1507 minore,
961 1465 1105 1511 quam
1137 1450 1219 1494 alii
1246 1452 1461 1497 extranei
1492 1455 1578 1498 sol-

187 1541 333 1589 vunt,
368 1532 529 1593 pretio
563 1528 872 1583 admittatur,
906 1529 957 1572 in
986 1528 1318 1590 praedialibus
1343 1548 1458 1577 vero
1488 1535 1576 1594 syl-

186 1615 257 1659 vis
283 1612 524 1657 beneficio
555 1612 647 1654 hoc
676 1608 1049 1671 glandinationis
1076 1608 1298 1654 fruentur
1329 1627 1445 1673 erga
1467 1628 1573 1658 cen-

187 1709 292 1737 sum
315 1708 425 1735 cum
453 1689 674 1735 dominio
702 1689 1011 1749 pactandum.

312 1771 351 1830 §.
377 1773 425 1819 8.
460 1769 508 1815 Si
535 1771 585 1814 in
615 1769 776 1830 aliquo
806 1768 912 1812 loco
947 1768 1012 1812 ⁴ad
1037 1769 1279 1814 rationem
1305 1771 1573 1814 communi-

183 1851 290 1895 tatis
317 1850 529 1905 excisae,
575 1849 649 1893 vel
688 1864 802 1892 vero
839 1846 1139 1909 singillativis
1167 1847 1462 1896 sessionibus
1490 1851 1571 1895 ad-

180 1931 445 1993 repartitae
470 1931 628 1990 sylvae
658 1928 1019 1989 reperirentur,
1062 1935 1110 1971 et
1134 1928 1250 1972 talia
1277 1929 1380 1972 loca
1404 1930 1453 1974 in
1479 1947 1569 1976 usu

179 2013 449 2056 earundem
480 2009 740 2071 persistere
782 2015 1044 2069 cuperent,
1097 2014 1212 2052 tunc
1244 2007 1422 2052 iisdem
1445 2010 1570 2055 foca-

178 2093 299 2136 lium
332 2098 379 2135 et
410 2090 645 2135 aedilium
673 2089 921 2151 lignorum
950 2104 1090 2142 usus,
1137 2103 1223 2132 nec
1253 2104 1348 2132 non
1382 2089 1567 2150 glandi-

177 2173 312 2217 natio
347 2179 393 2216 et
425 2172 663 2233 gallarum
686 2169 905 2213 collectio
937 2167 987 2212 in
1021 2159 1354 2228 talihus'sylvis
1387 2169 1563 2232 absque

175 2253 272 2296 ulla
298 2250 350 2294 in
373 2251 531 2295 vicem
558 2250 705 2294 huius
722 2247 1053 2310 dependenda
1074 2247 1291 2292 dominio
1325 2264 1406 2292 suo
1426 2267 1565 2310 prae-

177 2330 411 2384 statione,
457 2330 518 2374 ad
546 2329 803 2390 propriam
831 2330 1055 2373 duntaxat
1081 2327 1418 2373 necessitatem
1446 2330 1563 2375 lihe-

175 2425 230 2452 ra
267 2408 468 2470 quidem
506 2407 592 2464 sit,
641 2424 666 2451 e
698 2423 928 2454 converso
971 2406 1198 2451 dominus
1244 2408 1484 2453 terrestris
1509 2410 1561 2456 in

175 2487 261 2531 tali
300 2502 414 2530 casu
440 2486 758 2548 lignationem
795 2494 876 2532 aut
906 2486 1326 2549 glandinationem
1358 2488 1560 2534 subditis

171 2567 224 2611 in
255 2567 385 2627 sylva
417 2581 501 2608 sua
534 2565 771 2620 dominali
804 2566 1064 2610 admittere
1113 2566 1248 2610 haud
1292 2568 1557 2625 tenebitur,

171 2646 265 2693 nisi
289 2647 340 2691 in
377 2646 508 2706 sylva
537 2646 926 2703 communitatis,
985 2647 1059 2690 vel
1091 2647 1379 2690 colonorum
1413 2648 1555 2709 sylvis

171 2727 338 2771 nullae
376 2725 570 2786 penitus
602 2727 799 2787 glandes
830 2733 1240 2787 procrearentur,
1277 2732 1390 2771 tunc
1417 2727 1554 2773 enim

172 2807 396 2852 dominus
421 2804 662 2849 terrestris
691 2806 752 2851 ad
779 2806 1019 2851 rationem
1043 2806 1327 2851 colonorum
1349 2823 1549 2853 suorum
