1669 3189
579 166 647 180 a·-
706 144 785 186 631
847 166 916 178 -u

63 258 185 298 tatus
221 251 514 313 possessioni
559 251 863 315 obtingentia
900 250 1049 297 onera
1080 249 1460 297 individualiter

62 333 116 377 in
153 333 341 395 gremio
382 334 604 377 locorum
642 333 767 394 juste
797 340 843 378 et
880 349 1030 394 aeque
1058 332 1444 390 distribuantur,

58 427 148 457 nec
171 412 411 473 quispiam
445 412 882 474 improportionate
907 420 1165 474 gravetur,
1201 420 1287 457 aut
1320 429 1443 457 unus

58 490 270 552 pro‘alio
301 506 424 536 onus
452 492 691 536 sustinere
738 497 967 552 cogatur,
1015 508 1067 536 ac
1108 494 1196 538 suh
1232 493 1443 555 gravissi-

55 586 138 614 ma
179 569 600 616 animadversione
637 570 689 614 in
716 569 904 630 reliquo
941 570 1100 615 nullae
1119 570 1443 632 pecuniarum

53 650 129 695 vel
157 650 456 696 naturalium
494 649 767 694 collectioes
800 647 1134 694 instituantur.

397 780 741 825 Malctarum
771 759 1085 840 des-amptio.

180 880 228 923 4.
285 875 340 918 In
389 854 579 917 'casibus
627 873 938 934 poenalibus,
982 873 1068 918 ubi
1100 873 1314 938 birsagia
1363 880 1438 923 vel

50 951 174 997 aliae
228 952 436 997 mulctae
487 951 803 1013 pecuniariae
850 953 1231 999 desummendae
1277 965 1443 1025 erunt,

47 1031 132 1076 has
149 1032 318 1076 rustici
332 1032 419 1076 sub
430 1047 589 1092 poena
601 1032 735 1093 dupli
770 1033 1082 1077 desummere
1105 1050 1199 1078 non
1214 1036 1439 1093 audeant,

52 1112 140 1156 sed
184 1110 427 1174 ejusmodi
471 1128 601 1156 casus
639 1111 855 1156 dominio
879 1113 1151 1158 terrestrali
1190 1113 1437 1172 indicent,

47 1191 178 1236 istud
212 1207 330 1236 vero
373 1193 566 1236 colonos
606 1191 800 1236 nonnisi
823 1193 873 1237 in
912 1193 1095 1239 casibus
1124 1194 1229 1255 lege
1263 1194 1441 1239 admis-

48 1270 142 1328 sis,
175 1279 223 1317 et
248 1270 298 1316 in
339 1272 414 1316 his
454 1270 600 1315 etiam
636 1271 886 1318 observato
926 1273 1059 1318 omni
1099 1274 1439 1322 moderamine

48 1351 103 1395 in
125 1353 336 1413 pecunia
355 1352 593 1397 mulctare
629 1352 791 1412 possit.

130 1485 513 1539 Cadaeitates,
553 1490 604 1529 et
635 1482 1004 1546 profugorum
1042 1462 1368 1533 substantia.

174 1586 218 1623 5.
264 1577 617 1624 Deficientium
660 1579 838 1622 caduca
882 1579 1012 1622 bona
1054 1579 1145 1623 sibi
1178 1586 1343 1623 contra
1372 1581 1438 1624 le-

46 1670 164 1717 gum
206 1662 409 1701 tenores
443 1674 543 1701 non
568 1663 838 1717 usurpent,
884 1672 1060 1700 verum
1091 1655 1332 1717 ejusmodi
1367 1673 1441 1702 ca-

46 1734 279 1779 ducitates
318 1735 535 1780 dominio
569 1734 840 1779 tei-restrali
864 1735 995 1779 illico
1020 1743 1131 1796 post
1165 1736 1437 1782 deficientis

47 1822 269 1860 mortem
295 1815 481 1860 sincere
511 1816 755 1876 detegant,
793 1812 923 1875 quod
951 1814 1151 1860 demum
1183 1816 1285 1859 illas
1306 1833 1436 1861 exso-

42 1892 158 1939 lutis
207 1901 425 1940 attamen
461 1893 704 1940 restantiis
726 1925 740 1948 ,
788 1899 888 1937 tam
925 1893 1091 1955 quanti
1130 1894 1435 1955 portionalis,

45 1990 194 2036 quam
230 1976 440 2020 aliorum
481 1973 800 2036 publicorum
833 1988 1039 2017 onerum
1066 2006 1078 2028 ‚
1130 1973 1435 2036 deductoque

45 2069 160 2099 aere
205 2054 366 2100 alieno
413 2053 506 2099 sihi
553 2052 871 2114 appropriare
917 2053 1098 2109 valeat3
1148 2054 1277 2114 quod
1319 2070 1433 2100 vero

36 2133 362 2198 profugorum
405 2132 655 2178 facultates
697 2131 893 2188 attinet,
927 2132 1016 2177 hae
1060 2148 1214 2194 usque
1260 2133 1432 2179 reduc-

42 2214 228 2259 tionem
263 2230 438 2259 eorum
464 2213 514 2258 in
541 2219 845 2273 sequestrum
872 2213 1069 2274 quidem
1107 2219 1431 2270 summantur,

40 2301 257 2340 attamen
296 2294 468 2339 exinde
515 2293 659 2338 etiam
693 2307 841 2336 onera
885 2291 1079 2353 publica
1110 2293 1357 2349 restantia,
1382 2299 1432 2337 et

41 2373 203 2418 debita
230 2389 405 2417 eorum
426 2373 613 2435 passiva
645 2373 962 2435 depurentur.

49 2505 430 2553 Alienationes
455 2504 767 2568 fundorum
811 2506 1217 2561 sessz'onalz'um,
1274 2512 1326 2549 et
1359 2507 1432 2548 vi·-

617 2589 859 2618 nearllm·

173 2682 215 2726 6.
278 2679 603 2726 Pertinentiae
636 2681 993 2744 postsunduales
1035 2696 1061 2724 a
1090 2679 1423 2725 sessionalibus

43 2757 173 2803 nullo
201 2758 351 2804 modo
379 2759 664 2810 alienentur.
699 2763 966 2809 Vinearum
999 2777 1145 2819 vero,
1180 2777 1302 2823 quae
1337 2776 1426 2806 ses-
