1669 3189
725 141 1068 192 *624*

209 259 323 313 suit,
360 262 501 317 atque
523 254 589 296 ita
614 250 793 294 colonis
824 265 915 310 per
935 250 1144 295 diversas
1177 253 1447 298 exactiones
1480 267 1596 297 one-

207 338 325 384 ratis
352 334 565 398 plurima
587 346 756 386 eorum
786 338 925 374 enata
957 329 1052 376 sint
1079 331 1382 394 gravamina,
1423 335 1596 395 quibus

174 466 182 476 ,
209 417 428 463 debitum
467 410 740 455 remedium
784 410 991 454 allatura
1023 409 1282 455 constituta
1311 419 1379 456 est
1407 429 1496 473 pro
1521 430 1598 458 co-

207 494 458 541 mitatibus
489 493 735 539 Slavoniae
770 499 940 554 utpote
965 493 1042 535 Ve
1058 507 1082 533 r
1099 498 1125 536 ὃ
1143 508 1166 534 c
1181 509 1204 535 z
1221 508 1246 536 e
1260 510 1289 536 n
1303 492 1378 547 si,
1430 492 1462 536 Ρ
1477 509 1534 538 os
1552 509 1598 538 e-

208 595 322 640 gan
340 594 366 620 o
384 607 397 631 ‚
445 580 492 619 et
524 572 850 618 Sirmiensi
888 571 1068 617 stabilis
1105 571 1366 616 urbarialis
1402 587 1595 623 norma,

213 708 632 754 Constitzztc'vnm
661 707 912 750 sessionis
937 704 1597 751 colonicali-zzrbarialia

342 816 392 858 b.
428 816 490 859 Ut
514 814 737 874 integrae
781 812 979 857 sessioni
1014 817 1213 872 praeter
1238 811 1468 868 domum,
1529 826 1602 855 ar-

211 909 319 939 eam
351 887 473 936 item
512 899 559 936 et
599 907 844 935 annexum
874 892 1074 935 hortum
1106 901 1132 940 8
1169 890 1458 937 falcatOrum
1501 891 1600 936 sive

213 990 448 1019 curruum
475 972 524 1018 in
544 972 745 1034 regione
763 972 844 1017 illa
867 972 1158 1017 usitatorum
1171 973 1366 1020 soenilia
1392 979 1438 1018 et
1463 986 1604 1034 prae-

212 1062 348 1099 terea
378 1052 462 1098 ubi
490 1052 802 1114 possessionis
849 1060 1100 1098 terrenum
1143 1053 1304 1100 fertile
1339 1059 1437 1108 est,
1497 1068 1601 1098 nro.
1652 1047 1669 1094 [ᾦ

210 1144 287 1188 24.
315 1160 379 1165 ——
403 1133 487 1178 ubi
522 1133 684 1178 m‘inus
723 1132 883 1177 fertile
907 1144 985 1181 52.
1013 1159 1079 1166 —
1101 1141 1147 1178 et
1179 1137 1371 1178 tantum
1406 1130 1492 1176 ubi
1516 1137 1606 1176 ste·
1667 1166 1669 1172 .

211 1215 304 1259 rile
363 1219 462 1270 est,
528 1218 588 1261 40
632 1219 881 1257 terrarum
927 1213 1185 1258 arabilium
1236 1213 1294 1257 ad
1343 1210 1606 1255 calcaturas

211 1294 343 1356 juxta
371 1292 613 1337 territorii
655 1293 806 1338 situm
837 1293 1025 1354 aequali
1065 1308 1275 1338 numero
1310 1290 1607 1336 distribuen-
1666 1293 1669 1299 “

214 1375 389 1418 darum
424 1374 623 1437 jugera,
678 1373 806 1436 quod
835 1372 1031 1435 quodvis
1067 1385 1110 1422 5.
1155 1372 1446 1418 cubulorum
1473 1386 1607 1415 men-

213 1471 353 1499 surae
385 1454 684 1515 posoniensis
729 1453 959 1498 sementis
1002 1453 1405 1515 recipiendorum
1460 1466 1609 1511 capax

215 1533 306 1588 sit,
378 1531 684 1591 adjiciantur.
770 1532 864 1576 Ubi
908 1548 1024 1575 vero
1065 1533 1116 1575 in
1157 1533 1408 1576 territorio
1444 1539 1608 1583 terrae

221 1611 510 1657 sufficientes
533 1628 628 1655 non
659 1618 842 1664 essent,
903 1619 971 1654 ast
1003 1609 1171 1655 vineae
1205 1611 1470 1668 darentur,
1526 1610 1610 1655 tali

212 1691 266 1737 in
295 1708 404 1736 casu
426 1691 565 1735 unius
586 1691 750 1752 jugeri
772 1692 910 1745 loco,
954 1690 1169 1733 duorum
1199 1688 1440 1734 fossorum
1467 1690 1611 1735 vinea

217 1770 554 1826 exscindatur‚
601 1776 742 1831 atque
770 1769 838 1813 ita
863 1785 954 1830 pro
982 1768 1145 1813 media
1181 1769 1389 1815 sessione
1417 1771 1612 1815 dimidi-
1668 1819 1669 1822 Ἴ

218 1867 303 1895 um
322 1883 335 1906 ,
392 1866 486 1912 quo
509 1849 720 1912 quartali
742 1865 858 1895 vero
887 1855 928 1898 4.
954 1865 1066 1911 pars
1095 1847 1340 1910 ejusmodi
1365 1851 1613 1913 pertinen·
1660 1852 1665 1875 ⁵

217 1934 397 1978 tiarum
435 1931 675 1976 obveniat.
723 1931 855 1982 (vide
885 1931 1113 1993 paginam
1138 1941 1217 1978 25.
1249 1934 1326 1978 26,
1360 1933 1517 1994 quoad
1547 1931 1613 1977 vi-

216 2030 330 2059 neas
356 2013 414 2057 ad
437 2011 799 2057 constitutivum
827 2011 879 2056 in
911 2006 1160 2068 Slavonia,
1216 2011 1509 2074 praesertim
1540 2027 1614 2057 co-

218 2095 397 2140 mitatu
428 2094 672 2140 sirmiensi
703 2100 1019 2155 spectantes.)

710 2239 984 2287 SECTIO
1049 2241 1085 2286 Ι.

566 2350 650 2395 No
670 2365 837 2395 rmae
892 2346 1273 2395 urbarialis.

230 2478 420 2523 Census
451 2482 764 2526 sessionalz's
787 2479 1197 2540 5.florenornm
1219 2479 1440 2542 singulo
1469 2493 1613 2524 anno

446 2548 682 2591 dominio
708 2548 1038 2606 pendendus,
1081 2553 1132 2590 et
1157 2548 1416 2592 robottoe.

361 2666 399 2700 1.
435 2658 503 2700 Ab
535 2676 629 2704 una
656 2658 846 2721 integra
881 2659 1093 2704 sessione
1122 2657 1434 2719 praescriptis
1464 2653 1615 2717 perti-

229 2732 411 2782 nentiis
457 2739 651 2798 provisa
709 2740 907 2786 domino
960 2738 1180 2786 terrestri
1234 2734 1481 2785 annuatim
1527 2748 1618 2797 pro

1658 2395 1664 2496 --⁴·“
1659 2247 1669 2379 vax—h

1653 2989 1666 3189 ‘'su—sane
1660 2946 1666 2980 -u
