1669 3189
19 1580 25 1653 *nas
20 1526 25 1573 -ἡ
19 1374 24 1517 m‚--—
17 962 24 1367 ..w-‚mm
17 0 23 954 n—-q—-m-—-——-———-—-————-—-

22 2205 23 2213 ⁴
20 1757 27 2172 ..2*2*-.n-„--—-—-——v.22
20 1707 22 1734 -.
20 1669 21 1673 Α

631 217 701 229 ...u
758 202 837 246 [¹21
901 216 971 230 a...

125 296 401 343 distributio
417 330 430 353 ,
468 305 515 342 et
546 315 601 343 ex
624 298 699 344 his
724 299 970 361 profluens
991 298 1173 344 dotatio
1191 331 1204 355 ,
1244 299 1303 342 ab
1329 307 1510 346 eventu

121 376 548 423 authenticationis
576 379 794 441 primum
825 379 1025 440 quidem
1054 396 1143 441 per
1177 379 1512 425 testimonium

121 457 278 519 legale
311 475 421 503 cum
440 459 720 504 interventu
752 457 858 502 fisci
880 460 1259 521 magistratualis
1293 460 1345 505 in
1389 459 1512 506 facie

121 537 218 581 loci
241 539 598 595 instituendae3
635 545 739 582 tum
769 553 886 581 vero
913 539 1195 596 comitatui,
1243 547 1291 584 et
1331 539 1513 584 altiori-

121 619 209 664 bus
252 619 368 663 locis
416 616 708 661 referendae
757 617 1054 678 dependeat,
1108 619 1147 663 si
1196 620 1513 676 observetur,

122 699 253 760 quod
291 696 507 741 dominia
537 696 700 759 aliqua
721 713 876 758 penes
927 698 1394 744 authenticationem
1442 716 1513 744 so-

121 780 226 824 lum
256 777 511 822 comitatui
540 778 765 834 relatam,
794 785 945 823 semet
990 779 1050 823 ad
1078 796 1222 823 usum
1257 797 1407 825 novae
1442 778 1511 824 di-

88 857 384 902 'mensionis
411 858 698 919 posuerint,
737 865 784 902 et
822 865 977 904 terras
1016 875 1042 902 a
1074 859 1324 904 dotatione
1355 858 1512 922 (cujus

117 939 493 983 fundamentum
516 937 733 981 debitam
761 938 1055 982 revisionem
1092 955 1191 983 non
1233 938 1404 989 subiit)
1440 954 1539 982 re·-

120 1034 308 1063 mansas
331 1019 383 1063 in
409 1035 519 1063 suos
537 1036 646 1063 usus
671 1019 1027 1075 converterint,
1061 1019 1171 1064 talis
1199 1021 1371 1065 abusus
1402 1021 1518 1064 sim-

118 1097 682 1160 pliciterinterdicatur,
718 1116 875 1160 neque
904 1117 1023 1160 opus
1048 1099 1397 1154 dimensionis,
1436 1117 1516 1143 an-

118 1185 319 1240 tequam
340 1179 639 1223 revisionem
664 1179 864 1224 Consilii
902 1180 1027 1241 regii
1059 1178 1514 1224 locumtenentialis

117 1265 362 1314 transeat,
397 1276 489 1320 pro
524 1267 628 1303 rato
653 1259 825 1303 haberi
847 1290 860 1314 ,
898 1266 947 1303 et
988 1275 1098 1303 cum
1146 1258 1223 1303 his
1262 1273 1515 1302 connexae

119 1339 389 1383 urbariales
419 1340 772 1399 praestationes
812 1339 1055 1382 desummi
1090 1339 1288 1383 valeant.
1330 1340 1386 1383 In
1411 1338 1518 1399 ipsa

118 1433 238 1461 vero
281 1423 504 1458 actorum
555 1415 986 1460 dimensionalium
1037 1416 1358 1463 submissione
1408 1436 1519 1465 eam

121 1495 367 1541 observari
407 1493 587 1539 debere
623 1510 880 1551 normam,
926 1502 980 1539 ut
1023 1513 1175 1557 penes
1230 1515 1406 1543 novam
1447 1498 1519 1542 di<

119 1575 428 1621 mensionem
463 1575 688 1638 antiquus
717 1574 1198 1620 antedimensionalis
1233 1584 1394 1632 status,
1442 1594 1519 1622 re-

117 1659 215 1702 late
244 1658 304 1702 ad
328 1657 570 1720 singulam
611 1656 969 1719 possessionem
1006 1656 1307 1718 regulationi
1361 1656 1519 1717 subje-

120 1745 247 1781 ctam
285 1738 413 1783 clare
448 1745 495 1781 et
527 1737 751 1782 distincte
792 1736 1102 1791 exhibeatur,
1138 1744 1191 1780 ut
1237 1754 1418 1800 nempe
1459 1755 1517 1782 ex

119 1818 302 1862 horum
334 1818 699 1863 combinatione
734 1817 842 1861 erui
869 1817 1057 1877 possit,
1094 1833 1155 1862 an
1182 1823 1230 1862 et
1256 1818 1375 1879 quid
1406 1818 1517 1862 suh-

122 1897 232 1942 ditis
255 1914 343 1959 per
388 1915 561 1943 novam
597 1898 957 1945 dimensionem
1000 1898 1282 1954 accesserit,
1319 1898 1396 1942 vel
1438 1898 1517 1943 de-

123 1978 362 2023 cesserit?
414 1978 828 2023 combinatorium
874 1978 1081 2040 proinde
1135 1977 1520 2023 instrumentum

121 2059 347 2104 inomisse
372 2058 744 2105 adnectendum.

259 2152 300 2189 5.
341 2141 601 2202 Postquam
629 2140 874 2185 dimensio
903 2147 1215 2196 tenutorum,
1259 2147 1305 2184 et
1336 2138 1518 2182 dotatio

118 2219 395 2266 sessionum
410 2221 753 2266 colonicalium
777 2227 1113 2265 consummata
1131 2228 1218 2274 est,
1255 2218 1517 2278 taliterque

124 2300 379 2345 urbarialis
418 2301 659 2364 regulatio
711 2300 1014 2357 intercessit,
1077 2306 1221 2361 atque
1277 2299 1520 2360 assignata

123 2379 325 2441 praevia
352 2380 541 2426 ratione
574 2382 625 2426 in
652 2380 1016 2426 constitutivum
1041 2378 1296 2424 sessionale
1331 2385 1518 2434 tenuta,

124 2467 294 2521 prata,
331 2460 658 2521 extirpaturae
703 2469 789 2507 etc.
832 2460 885 2505 in
922 2460 1338 2522 complementum
1379 2457 1520 2502 urba-

124 2540 258 2584 rialis
285 2540 601 2603 regulationis
631 2542 826 2589 cessisse
864 2540 1100 2586 censenda
1140 2547 1276 2596 sunt,
1321 2538 1517 2601 negotio

126 2621 215 2666 hac
255 2620 537 2666 modalitate
580 2623 640 2668 ad
692 2623 869 2685 pedem
905 2621 1127 2666 stabilem
1163 2621 1399 2677 deducto,
1436 2620 1522 2664 ‹lo-2

127 2703 291 2748 miniis
316 2704 673 2750 terrestralibus
700 2704 906 2766 amplius
939 2703 1149 2748 liberum
1175 2716 1273 2746 esse
1302 2715 1401 2745 non
1435 2715 1518 2760 po=

129 2790 249 2841 test,
284 2783 508 2837 instituta
541 2792 707 2849 expost
745 2786 907 2835 denuo
955 2800 1082 2835 nova
1126 2789 1407 2832 tenatorum
1449 2776 1520 2821 di„
