1669 3189
594 179 934 229 mmm-...-

79 279 403 339 officialibus,
445 287 492 328 et
531 281 842 327 servitoribus
879 277 1225 335 dominalibus,
1275 282 1472 345 religio..

86 377 206 406 num
230 360 498 418 ministris,
535 368 583 406 et
603 359 950 423 ludimagistris
993 360 1320 422 defigendum:

214 441 260 490 8.
296 443 619 488 Desertorum
644 448 693 486 et
731 440 1152 502 impopulatorum
1206 439 1477 487 fundorum

79 522 220 567 ratio.

208 613 254 658 9.
297 601 536 664 Querelae
575 599 734 662 quoad
786 598 1172 661 praestationem
1226 601 1481 665 lignorum

79 679 441 744 investigandae
480 706 545 713 -——
583 680 919 743 praescriptus
949 681 1192 742 sylvarum
1236 683 1359 728 ordo
1397 682 1477 727 ob<

79 760 360 808 servandus⁸

673 894 794 929 ART.
820 894 880 929 II.

78 982 160 1025 De
180 980 606 1033 resolutionibus
643 987 817 1048 regiis
849 986 1023 1030 relate
1060 985 1133 1030 ad
1174 988 1469 1047 investiga·

352 1057 527 1099 tiones
561 1052 876 1097 zzrbariales
907 1053 1191 1097 emanatis.

207 1178 345 1220 Anno
380 1185 520 1221 1772.
552 1185 631 1221 22.
659 1173 779 1218 maii
802 1191 911 1219 nro.
948 1178 1093 1222 2260.
1119 1173 1357 1219 universis
1397 1188 1472 1215 co-

79 1254 330 1301 mitatibus
372 1253 598 1297 intimata
636 1260 708 1297 est
746 1255 961 1316 benigna
991 1253 1222 1298 resolutio
1256 1252 1392 1314 regia
1419 1252 1480 1295 de

81 1335 289 1399 qualiter
328 1332 619 1393 peragendis
670 1333 842 1377 annuis
892 1332 1373 1394 investigationibus:
1411 1336 1481 1373 ut-

76 1423 188 1478 pote
220 1426 262 1460 1.
297 1411 791 1472 Utinvestigationes,
824 1410 1256 1466 confrontationes,
1286 1417 1333 1454 et
1368 1425 1478 1454 ocu-

76 1494 203 1537 latae
238 1492 289 1535 in
327 1489 450 1536 facie
491 1489 675 1552 singuli
711 1490 833 1546 loci,
876 1506 972 1534 non
1008 1506 1125 1534 vero
1166 1490 1479 1536 convocando

81 1575 141 1619 ad
170 1560 328 1617 unum
375 1571 542 1614 locum
581 1569 805 1630 plurium
854 1569 1084 1615 locorum
1127 1570 1307 1615 incolas
1344 1588 1481 1632 pera-

79 1659 209 1718 gant.

214 1744 258 1780 2.
295 1734 671 1792 Compertorum
703 1746 991 1777 excessuum
1020 1729 1241 1778 eflectiva
1266 1733 1480 1793 compla-

86 1813 221 1859 natio
252 1813 305 1856 in
330 1811 527 1855 instanti
568 1818 898 1871 procuretur,
944 1811 981 1855 si
1015 1829 1130 1857 vero
1165 1811 1215 1856 id
1241 1811 1351 1855 fieri
1381 1828 1479 1856 non

78 1894 249 1955 possit,
286 1907 343 1936 ex
368 1891 474 1952 ipsa
489 1891 648 1935 sedria
680 1891 991 1953 adurgeatur,
1028 1899 1075 1936 et
1105 1906 1257 1954 super
1301 1892 1476 1936 effectu

83 1972 356 2018 Consilium
382 1969 578 2031 regium
621 1970 1055 2016 locumtenentiale
1090 1971 1399 2020 informetur.

210 2050 622 2112 Investigationes
645 2050 742 2094 duo
761 2057 1013 2113 peragant.
1051 2052 1205 2098 Judex
1221 2054 1480 2113 nobilium,

82 2147 260 2194 nempe
286 2139 334 2177 et
366 2129 606 2192 jurassor‚
642 2132 1001 2195 relationesque
1029 2139 1235 2195 uterque
1276 2133 1481 2178 subscrL

79 2210 209 2255 bant.

211 2296 255 2338 4.
304 2291 656 2354 Investigantes
701 2291 950 2337 occasione
992 2291 1184 2353 primae
1221 2291 1482 2355 investiga-

80 2369 223 2416 tionis
274 2369 598 2417 conformiter
635 2372 695 2417 ad
723 2371 1095 2417 instructionem
1129 2373 1482 2433 exequentium

82 2451 533 2513 magistratu-alium
571 2468 673 2514 cap.
712 2453 766 2496 V.
802 2450 842 2511 §.
884 2463 962 2499 22.
1002 2459 1176 2496 eruant
1211 2468 1480 2498 numerum

82 2539 130 2576 et
163 2531 525 2588 determinent,
563 2539 678 2594 quot
702 2547 793 2594 pro
829 2530 992 2577 futuro
1021 2549 1200 2594 pecora
1246 2540 1294 2576 et
1340 2548 1485 2594 pecu-

86 2611 166 2656 des
205 2611 422 2672 singulus
459 2612 690 2673 superior
732 2620 780 2656 et
825 2611 1034 2657 inferior
1065 2613 1283 2658 officialis
1328 2612 1485 2656 domi-

81 2689 235 2746 nalis,
272 2705 325 2734 ac
359 2691 585 2748 servitor,
620 2692 864 2754 parochus
887 2692 1006 2737 item
1045 2708 1098 2736 ac
1132 2692 1480 2757 ludimagister

85 2784 273 2818 servare
306 2770 498 2831 possit?
552 2771 604 2815 id
647 2786 766 2816 vero
812 2788 872 2815 an
907 2789 1006 2816 non
1043 2773 1276 2821 excedant
1314 2790 1483 2821 nume-
