1669 3189
683 188 752 202 u·-
811 168 892 207 380
951 187 1020 199 ⁴⁶-

142 296 321 325 nonam
350 281 398 324 in
435 285 607 323 natura
639 273 1037 336 praeeligendam
1071 273 1208 318 honis
1234 273 1388 318 modis
1420 287 1529 334 per-

136 361 336 406 suaderi
364 359 520 422 possit.

276 453 347 488 10.
386 440 465 483 His
490 436 761 481 terminatis
781 468 794 491 ,
828 442 1117 497 peractaque
1145 432 1522 493 conscriptione,

140 538 232 582 pro
270 516 662 580 promulgatione
702 516 958 560 urbarialis
1002 511 1322 577 regulationis
1364 510 1531 555 termi-

140 617 259 645 num
296 599 354 642 ad
385 613 632 641 summum
666 596 809 640 unius
845 595 1043 640 circiter
1083 593 1359 655 quindenae
1394 605 1532 652 prae-

140 681 318 740 figant,
381 676 572 721 interea
613 676 1032 738 conscriptionem
1084 691 1194 718 cum
1238 667 1532 716 comissariis

139 759 288 819 regiis
324 756 707 814 communicent,
761 756 1000 818 impressa
1027 754 1343 800 urbariorum
1374 766 1531 796 exem-

142 838 300 898 plaria
332 837 391 881 ab
420 837 597 882 iisdem
626 836 888 882 obtenturi.

272 929 342 963 11.
378 919 512 961 Dum
538 935 628 979 pro
653 918 758 979 ipsa
799 916 1082 960 executione
1108 914 1167 958 ad
1194 913 1357 958 Iocum
1390 926 1530 973 prae-

136 996 212 1040 vie
244 997 341 1058 jam
376 997 677 1058 descriptum
705 995 1053 1058 pervenerint,
1099 1000 1213 1038 tunc
1256 993 1459 1037 demum
1487 989 1527 1035 si

138 1076 320 1120 sub-‘liti
351 1095 441 1138 pro
474 1094 602 1122 nona
639 1079 689 1122 in
732 1075 1028 1138 aquivalenti
1058 1071 1356 1134 praestanda
1378 1077 1532 1116 semet

135 1157 464 1212 declaverint,
511 1163 690 1217 puncto
723 1153 959 1199 urbariali
990 1164 1035 1199 5.
1064 1152 1150 1196 illa
1183 1150 1528 1212 aequivalentis

135 1236 320 1295 species
340 1267 353 1289 ,
390 1250 537 1294 quam
561 1233 785 1278 dominus
811 1231 1056 1277 terrestris
1086 1229 1372 1293 praeeligit,
1406 1229 1527 1274 inse-

137 1315 290 1358 renda
314 1313 419 1358 erit.

273 1405 344 1439 12.
379 1394 485 1437 Non
541 1390 831 1437 absimiliter
884 1406 940 1435 ex
1000 1387 1276 1450 praecitatis
1344 1403 1521 1433 novem

135 1474 328 1536 punctis
363 1473 619 1534 apparebit
654 1480 700 1515 et
734 1470 800 1527 id,
838 1470 990 1532 qualis
1023 1470 1149 1512 circa
1185 1467 1436 1513 currulem
1462 1485 1536 1517 ro-

139 1556 328 1600 bottam
369 1554 442 1598 vel
480 1551 747 1614 bijugalem
780 1551 852 1596 vel
883 1539 1270 1612 quadrijugalem
1301 1548 1533 1595 hactenus

137 1633 415 1678 communis
458 1639 504 1675 et
545 1631 801 1676 continuus
857 1629 1006 1674 suerit
1048 1646 1188 1684 usus,
1252 1634 1299 1671 et
1332 1644 1450 1672 num
1486 1639 1529 1676 2.

123 1720 218 1758 ‘aut
247 1720 273 1761 4
318 1712 576 1773 pecoribus
611 1718 743 1755 terra
770 1710 820 1754 in
855 1709 1030 1754 eodem
1063 1709 1171 1753 loco
1198 1709 1532 1754 communiter

135 1793 345 1843 aretur?
392 1793 430 1837 si
453 1792 715 1836 declaratio
748 1789 938 1834 domini
972 1788 1213 1834 terrestris
1241 1795 1289 1832 et
1321 1789 1534 1834 subdito-

135 1889 251 1917 rum
299 1880 495 1939 eatenus
537 1871 749 1932 aequalis
786 1887 881 1915 non
911 1869 1087 1923 fuerit,
1153 1874 1266 1913 tunc
1305 1870 1534 1915 studeant

137 1950 403 2012 genuinam
423 1950 682 1995 veritatem
710 1947 988 2011 praehabiti
1020 1964 1164 2003 usus,
1218 1948 1296 1992 vel
1330 1948 1383 1993 in
1407 1949 1531 1994 facie

135 2031 262 2085 loci,
312 2032 388 2075 vel
427 2031 575 2075 etiam
619 2029 821 2085 vicinis,
872 2029 910 2073 si
947 2044 1070 2089 opus
1101 2026 1273 2083 fuerit,
1325 2029 1528 2090 praevie

136 2110 419 2170 adjurandis
461 2108 676 2166 rescire,
726 2116 978 2171 comperta
1013 2106 1087 2152 rei
1130 2108 1334 2155 veritate
1368 2117 1530 2154 autem

139 2193 379 2236 urbariali
415 2191 710 2254 regulationi
747 2207 855 2236 eam
883 2189 1087 2236 currulis
1119 2190 1296 2234 laboris
1332 2191 1531 2253 qualita-
1564 2211 1567 2215 ·

137 2278 240 2315 tem
274 2271 577 2327 inscribant,
635 2264 756 2333 quae
786 2272 1016 2316 hactenus
1041 2270 1189 2315 etiam
1215 2269 1266 2314 in
1296 2271 1529 2316 continuo

139 2357 188 2394 et
236 2351 482 2396 communi
527 2368 618 2397 usu
656 2350 773 2408 fuit,
833 2358 980 2414 prout
1026 2357 1072 2396 et
1117 2350 1427 2414 paragrapho
1471 2351 1531 2395 de

140 2437 331 2474 aratura
375 2431 561 2477 sonanti
602 2440 769 2478 eotum
805 2421 1122 2476 inserendum
1162 2430 1349 2487 veniet,
1410 2447 1530 2475 num

139 2512 334 2556 colonus
372 2513 585 2570 duobus,
637 2521 717 2558 aut
755 2520 962 2575 quatuor
991 2512 1250 2576 pecoribus
1287 2526 1426 2557 arare
1462 2517 1529 2554 te-

140 2599 343 2648 neatur3
380 2603 606 2654 superato
635 2596 725 2640 hoc

276 2685 346 2722 15.
382 2676 595 2722 Ulterius
625 2675 1012 2739 investigandum
1034 2675 1222 2730 veniet,
1271 2690 1332 2718 an
1358 2670 1523 2733 potior

138 2770 249 2815 pars
298 2756 611 2803 oeconomiae
655 2756 912 2804 dominalis
959 2755 1011 2802 in
1064 2754 1388 2817 agricultura,
1449 2750 1527 2795 vel
