1669 3189
614 173 682 185 ..υ
742 147 828 206 637
887 172 957 184 m.

114 255 335 319 quolihet
362 255 605 313 sabellicO,
643 273 806 320 capra,
841 259 920 303 vel
938 246 1088 304 vitulo
1115 257 1387 321 impellenti
1415 259 1505 305 sol.

109 343 250 381 vatur
287 349 306 384 1
340 353 411 382 xr.
437 362 502 369 —
544 354 569 381 a
594 336 840 397 majorum
884 355 1000 384 vero
1037 355 1274 401 pecorum
1311 341 1501 402 singulo

106 434 177 462 xr.
216 429 260 465 2.
335 419 512 463 Pecora
545 425 706 464 autem
731 418 823 463 vel«
844 422 1076 480 pecudes,
1114 421 1197 465 uhi
1228 421 1278 464 in
1315 420 1504 466 damnis

106 496 462 559 reperiuntur,
500 497 614 542 alias
643 503 859 541 mactare
894 514 990 543 non
1021 500 1195 553 lice‘at,
1232 499 1327 544 nisi
1349 499 1400 543 in
1433 517 1505 547 ca·

111 596 165 624 su
194 593 288 640 quo
311 576 552 641 invagiari
585 594 683 623 non
708 584 938 638 possunt,
973 581 1240 639 praemissa
1278 596 1390 642 erga
1418 598 1500 641 pa-

107 674 292 721 genses,
342 659 417 703 vel
457 658 561 702 illos
599 658 657 701 ad
699 672 814 717 quos
834 657 1121 718 pertinent,
1167 658 1293 704 binis
1325 660 1506 705 vicibus

104 736 405 781 instituenda
427 734 837 797 praemonitione,
878 751 972 797 quo
1009 753 1119 782 casu
1137 771 1150 794 ,
1187 738 1227 782 si
1256 756 1281 783 a
1307 742 1503 786 damno-

102 835 214 863 rum
239 815 456 862 illatione
487 814 720 860 desistere
744 815 960 872 nollent,
996 810 1104 860 tum'
1127 818 1187 862 ob
1211 818 1496 865 inobedien-

101 897 220 941 tiam
241 929 255 953 ,
308 911 419 941 cum
450 912 568 940 vero
604 894 1138 957 impracticabilitatem
1164 897 1494 959 impulsionis,

107 977 359 1040 signanter
389 975 732 1021 sabellicorum
755 992 908 1021 unum
934 976 1135 1021 mactari
1157 979 1326 1039 possit,
1357 996 1498 1041 prae-

100 1064 177 1102 ter
208 1055 508 1101 refusionem
543 1055 711 1102 damni
737 1056 969 1101 mactanti
991 1057 1366 1121 relinquendam
1386 1092 1399 1115 ‚
1446 1060 1498 1105 in

99 1153 196 1200 quo
250 1137 553 1182 mactationis
586 1153 697 1183 casu
732 1154 759 1184 a
809 1137 1018 1183 residuis
1062 1138 1178 1184 dein
1235 1139 1497 1202 pecoribus

98 1217 279 1262 mulcta
314 1218 640 1280 crucigeraria
664 1236 765 1264 non
792 1218 1148 1264 desummatur.

224 1297 349 1343 Haec
374 1307 443 1346 est
484 1316 660 1345 norma
681 1306 903 1345 accurate
940 1308 987 1345 et
1014 1300 1365 1346 inviolabiliter
1408 1301 1497 1346 sub

101 1375 334 1421 altissima
371 1379 738 1444 indignatione,
790 1388 837 1425 et
869 1381 1153 1443 gravissima
1190 1381 1495 1427 animadver-

96 1456 235 1501 sione
262 1460 511 1504 observari
546 1459 833 1504 demandata
859 1486 924 1492 -—
953 1469 1195 1506 reservata
1220 1461 1271 1504 in
1302 1462 1495 1523 reliquo

95 1538 303 1584 eandem
349 1556 404 1584 ex
434 1540 800 1585 occurrentibus
843 1542 1102 1585 successive
1138 1541 1407 1585 rationibus
1442 1558 1496 1584 ac

95 1607 289 1663 motivis
329 1619 380 1663 in
426 1625 527 1663 toto
556 1620 634 1664 vel
653 1619 704 1665 in
727 1627 867 1681 parte
890 1636 983 1682 pro
1008 1635 1240 1681 supremo
1272 1622 1499 1682 benepla-

98 1698 192 1741 cito
218 1697 469 1743 mutandi,
493 1697 829 1759 alterandique
856 1715 967 1744 suae
1002 1698 1253 1760 Majestati
1284 1701 1497 1747 sacratis-

100 1778 251 1823 simae
278 1777 498 1839 plenaria
521 1784 773 1839 potestate.

582 1951 661 1996 SE
680 1952 872 1997 CTIO
919 1950 1004 1998 ΙΙΙ.

93 2063 525 2127 Regulatoria
559 2071 794 2125 puncta
827 2065 1222 2123 urbarialia,
1284 2066 1363 2112 de
1400 2082 1492 2114 an-

376 2145 477 2190 nis
518 2153 895 2201 1808.1809.
931 2152 993 2189 et
1032 2155 1209 2195 1810.

317 2293 529 2338 Norma
560 2298 612 2336 et
635 2307 888 2337 mensura
913 2293 1270 2337 robottarzzm.

164 2395 168 2398 ”
229 2421 271 2451 1.
310 2403 627 2460 Observetur,
662 2421 722 2449 ne
748 2405 806 2449 ab
835 2420 931 2450 una
953 2405 1148 2468 integra
1172 2403 1379 2449 sessione
1410 2421 1491 2450 co-

97 2484 294 2530 lonicali
320 2500 410 2546 per
445 2485 705 2530 decursum
737 2484 878 2529 unius
912 2485 1026 2529 anni
1061 2490 1260 2547 praeter
1280 2490 1327 2530 et
1359 2484 1490 2528 ultra

97 2562 443 2623 urbm-inliter,
513 2566 564 2610 in
620 2566 844 2628 benignis
905 2566 1227 2628 patentalihus
1279 2567 1356 2612 die
1413 2579 1486 2615 15,

95 2654 240 2690 mart.
297 2651 434 2695 1756,
486 2646 718 2691 emanatis
768 2648 1128 2709 praescriptum
1174 2635 1486 2695 robottarum

97 2743 400 2785 numerum,
440 2728 602 2790 plures
643 2744 787 2789 quam
827 2737 887 2779 28
921 2727 1074 2791 bijugi
1101 2730 1348 2786 currules,
1403 2732 1487 2773 aut
