1669 3189
965 17 975 36 Ι

685 147 1024 191 m402-w-

167 268 389 299 surarum
433 269 490 297 ex
526 252 709 311 singula
747 248 906 308 specie
948 263 1103 292 unum
1142 249 1387 312 exemplar
1415 247 1549 312 apud.
1601 251 1616 266 ’“

165 332 378 394 judicem
417 330 510 376 loci
559 345 646 389 pro
686 327 823 371 omni
863 335 1086 389 tempore
1121 338 1458 388 conservetur,
1493 335 1550 374 ut:

170 414 289 456 dum
323 408 584 455 successive
607 406 762 468 quoad
788 404 1007 468 vigorem
1033 412 1079 450 et
1098 406 1396 453 validitatem
1421 425 1553 453 men-

167 506 392 535 surarum
428 504 510 532 seu
538 486 840 548 quaestiones
876 493 1210 548 emergerent,
1245 502 1330 530 seu
1362 486 1552 532 fraudes

166 570 433 621 evenirent,
463 582 514 610 ac
536 565 922 628 investigationes
934 574 1310 628 peragerentur,
1333 563 1554 626 inistius-

165 648 295 693 modi
325 645 508 690 casibus
525 661 616 706 pro
643 644 868 690 facienda
893 646 1051 707 proha
1077 661 1293 707 congrua
1315 645 1555 706 exempla-

165 729 237 772 ria
272 727 352 770 illa
399 724 696 780 deserviant,
737 728 797 770 ad
825 726 1188 787 praecavendas
1224 725 1426 770 interim
1451 740 1552 768 om-

163 825 248 852 nes
276 805 502 865 fraudes,
551 815 598 852 et
636 806 940 852 confusiones
984 808 1283 868 exemplaria
1319 807 1402 850 illa
1448 821 1553 850 exe-

168 894 370 950 quentes
405 888 797 950 magistratuales
840 887 1058 930 instituta
1086 886 1285 948 praevie
1326 891 1553 931 accurata

163 969 320 1030 proba
354 968 522 1030 sigillis
549 969 645 1013 suis
685 966 902 1028 propriis
932 967 1347 1023 authenticabunt,
1384 973 1431 1010 et
1462 981 1553 1028 pro

170 1048 452 1093 executione
489 1049 646 1092 denuo
681 1045 878 1102 exituri,
913 1063 1032 1090 num
1069 1047 1365 1107 praemissae
1399 1046 1554 1106 dispo-

165 1129 365 1173 sitiones
395 1128 456 1171 ad
489 1127 850 1189 praescriptum
883 1126 1081 1187 praevia
1113 1126 1395 1171 modalitate
1445 1126 1554 1171 effe-

149 1214 296 1262 ‘ctum
318 1207 518 1249 realiter
546 1204 809 1265 perductae
847 1205 1123 1260 extiterint,
1160 1205 1328 1249 sedulo
1361 1205 1556 1267 perqui-

161 1294 300 1341 rent,
338 1292 384 1329 et
419 1283 801 1346 investigabunt,
836 1285 889 1328 in
912 1302 1075 1330 casum
1105 1301 1221 1330 vero
1251 1286 1555 1331 contrarium

165 1367 225 1410 ad
257 1365 628 1427 procurandum
664 1363 973 1408 infallibilem
1026 1366 1250 1409 effectum
1289 1366 1555 1410 efficaciter

165 1453 334 1510 agent,
382 1446 481 1489 imo
529 1444 568 1488 si
605 1442 700 1504 ipsi
741 1460 929 1505 quaqua
972 1444 1163 1490 ratione
1198 1451 1337 1506 parte
1374 1444 1424 1489 in
1464 1447 1553 1489 hac

166 1527 515 1588 dispositorum
545 1524 765 1568 effectum
807 1540 1075 1585 procurare
1115 1526 1397 1586 nequirent,
1431 1533 1557 1570 eate-

163 1623 252 1652 nus
292 1622 402 1651 cum
453 1604 664 1666 genuina
705 1603 777 1647 rei
812 1611 970 1665 gestae
1006 1604 1353 1650 informatione
1387 1605 1555 1650 medio

164 1687 268 1733 vice
301 1685 492 1730 comitis
528 1683 806 1729 comissario
843 1685 980 1746 regio
1021 1687 1222 1731 fidelem
1262 1686 1555 1732 relationem

97 1762 103 1768 “
165 1765 357 1810 faciant.
394 1766 533 1809 Instr.
564 1779 696 1825 exeq.
728 1779 854 1828 mag.
881 1781 982 1827 cap.
1012 1766 1090 1810 III.
1123 1765 1162 1824 §.
1194 1777 1235 1812 ἵ.

296 1844 529 1888 Mensura
563 1843 862 1905 posoniensis
899 1862 925 1890 a
952 1857 1009 1891 32
1035 1844 1186 1906 pintis
1208 1845 1270 1890 ad
1299 1861 1448 1890 unam
1480 1863 1558 1891 ur-

166 1942 280 1970 nam
318 1925 642 1985 computanda
672 1923 723 1968 in
753 1923 1095 1986 ‹lesumptione
1136 1942 1290 1971 nonae
1325 1929 1401 1972 vel
1435 1927 1557 1990 juris

167 2005 389 2052 montani
419 2003 723 2051 adhibeatur.
789 2004 966 2050 Urbar.
999 2022 1050 2066 p..
1078 2016 1120 2052 5.
1154 2024 1203 2067 p,
1234 2009 1276 2052 Ο.

295 2088 371 2130 De
410 2084 682 2130 inducenda
726 2084 883 2146 quoad
935 2101 1186 2130 mensuras
1228 2085 1560 2134 uniformitate

166 2164 381 2229 provisio
434 2172 525 2210 art.
561 2176 638 2212 22.
683 2175 844 2223 1807,
896 2181 989 2227 ope
1024 2164 1155 2226 cujus
1180 2165 1435 2212 decretum
1471 2175 1559 2225 est,

167 2254 219 2290 ut
245 2261 338 2308 pro
370 2244 473 2289 basi
501 2244 808 2290 inducendae
829 2252 930 2290 tam
963 2246 1116 2291 relate
1147 2246 1208 2289 ad
1239 2248 1388 2302 arida,
1413 2263 1560 2310 quam

172 2333 219 2371 et
254 2327 402 2371 fluida
439 2325 769 2387 aequalitatis,
813 2341 1072 2370 mensurae
1112 2326 1312 2388 reliquis
1359 2326 1559 2372 sublatis

171 2423 294 2450 urna
321 2406 547 2450 duntaxat
579 2405 882 2467 posoniensis
907 2410 966 2453 64
1004 2406 1305 2462 mediarum,
1351 2423 1451 2454 non
1493 2424 1584 2452 se-·

176 2501 256 2528 cus
282 2491 326 2528 et
351 2492 556 2530 metreta
584 2484 883 2546 posoniensis
908 2486 1078 2530 itidem
1112 2487 1173 2534 64
1206 2486 1480 2533 mediarum
1503 2489 1561 2534 si-

175 2580 233 2609 ve
259 2565 501 2623 justarum
528 2581 678 2626 capax
705 2565 1229 2628 stabiliatur—partes
1257 2567 1419 2613 stricte
1454 2571 1562 2614 sub-

174 2652 435 2688 montanae
476 2643 525 2686 in
563 2645 805 2690 moderno
834 2663 924 2691 usu
955 2647 1159 2691 vasatim
1194 2656 1446 2694 consuetae
1495 2651 1561 2695 vi-

177 2739 359 2771 norum
384 2724 678 2770 venditionis
706 2727 1069 2788 relinquantur,
1105 2726 1170 2773 ita
1195 2734 1378 2785 tamen,
1409 2736 1463 2774 ut
1487 2747 1559 2776 va-
