1669 3189
712 193 782 205 m·-
841 169 925 224 398
981 192 1051 204 ..m

173 283 570 333 comitatensium
600 275 866 322 assistentia
893 275 1195 322 sufficienter
1227 280 1408 326 obviari
1431 315 1446 339 ,
1491 297 1566 326 re-

173 368 493 432 quisitamqne
516 360 758 405 medelam
798 357 980 402 adferri
1012 375 1109 402 non
1155 375 1292 421 posse
1324 362 1585 409 existima-¹
1632 362 1661 407 ζ’

170 452 358 504 verint,
407 461 497 506 pro
535 450 647 486 tunc
689 458 714 486 a
746 440 1039 502 proximiori
1074 439 1280 487 militiae
1316 458 1564 489 commen-

176 533 320 576 dante
359 527 421 569 ad
455 521 803 585 praestandum
832 522 1163 568 desideratum
1195 522 1450 568 brachium
1483 541 1570 570 sua

173 613 249 658 via
291 608 388 667 jam
414 605 652 650 instructo
682 604 1006 649 necessariam
1041 604 1309 650 militarem
1349 607 1567 650 assisten-

178 692 296 736 tiam
323 694 572 748 expetent,
610 686 831 748 hancque
862 685 922 729 ad
949 687 1317 746 procurandum
1346 687 1572 731 effectum

174 769 495 818 attentissima
556 784 665 812 cum
717 766 1193 827 circumspectione,
1256 765 1570 827 adhibitoque

174 851 309 897 omni
338 865 448 893 cum
476 845 813 892 moderamine
844 844 1168 907 applicabum.
1250 847 1309 890 Et
1351 843 1572 908 quamvis

176 931 500 996 patentalium
557 934 725 972 contra
780 927 1163 982 tumultuantes,
1219 925 1573 987 seditiososque

179 1013 384 1059 rusticos
431 1009 566 1055 annis
605 1006 852 1070 prioribus
891 1005 943 1050 in
986 1006 1229 1051 nonnullis
1264 1007 1576 1052 comitatibus

185 1096 545 1158 publicatarum
580 1089 839 1136 necessitas
875 1087 1038 1132 sutura
1066 1087 1143 1131 vix
1174 1096 1483 1147 speraretur,
1539 1088 1579 1133 si

180 1185 347 1222 tamen
382 1181 582 1236 praeter
633 1183 833 1214 omnem
876 1185 1015 1229 spem
1064 1173 1112 1211 et
1162 1169 1588 1227 exspectationem‘

179 1250 462 1297 istiusmodi
502 1248 755 1293 necessitas
788 1246 1047 1303 eveniret,
1097 1262 1208 1290 cum
1253 1245 1452 1309 praevia
1492 1247 1582 1292 cir-

182 1329 510 1377 cumstantiali
534 1328 678 1389 hujus
713 1327 1010 1370 deductione
1042 1343 1067 1369 a
1098 1327 1312 1371 Consilio
1348 1317 1591 1373 locumte-'

180 1410 390 1459 nentiali
415 1408 552 1471 regio
588 1413 656 1450 tot
697 1405 996 1466 exemplaria
1022 1413 1136 1466 quot
1173 1407 1447 1452 necessaria
1484 1409 1582 1453 sue-

181 1493 306 1549 rint,
372 1494 626 1551 expetant,
684 1487 875 1530 interea
922 1485 1246 1546 patentaliuen
1300 1488 1573 1533 earundem

184 1569 547 1633 exemplaribus
577 1583 667 1628 pro
694 1566 961 1611 directione
993 1567 1264 1611 eorundem
1304 1566 1582 1613 commissa-

182 1653 374 1699 riorum
399 1646 731 1693 deservituris.

312 1733 449 1775 Instr.
490 1726 676 1770 comiss.
730 1740 832 1786 reg.
885 1723 925 1783 §.
965 1730 1042 1772 24.
1091 1751 1156 1757 --
1204 1726 1377 1788 Quoad
1413 1725 1582 1771 mode-

184 1820 346 1859 ratum
375 1806 605 1853 militaris
653 1805 947 1849 assistentiae
991 1820 1134 1847 usum
1171 1803 1307 1849 idem
1341 1805 1508 1851 statuit
1535 1806 1580 1851 b.

195 1891 424 1938 resolutio
452 1887 584 1949 regia
620 1902 723 1930 nro.
775 1890 913 1931 7141.
960 1895 1000 1930 7.
1039 1884 1253 1929 octobris
1297 1892 1433 1935 1744,
1457 1903 1586 1931 ema.

190 1982 314 2021 nata.
372 1973 497 2016 Cura
536 1968 687 2012 solers
719 1963 1060 2008 dominiorum
1098 1966 1581 2027 terrestraliumjam

188 2053 414 2117 pluribus
434 2046 670 2108 exemplis
697 2043 998 2089 sufficienter
1020 2042 1303 2087 edoctorum
1330 2060 1388 2088 eo
1414 2043 1581 2107 dirigi,

188 2144 234 2181 et
267 2131 488 2195 impendi
540 2130 710 2182 debet,
758 2130 994 2186 quatenus
1036 2121 1268 2167 officiales
1312 2123 1584 2168 dominales

190 2215 352 2261 debita
375 2208 560 2275 provisi
594 2205 911 2251 instructione
947 2202 1005 2247 iis
1034 2202 1298 2248 excessibus
1339 2203 1583 2248 abstinere

190 2299 426 2348 debeant,
466 2290 546 2353 qui
573 2287 696 2347 justo
727 2292 775 2330 et
805 2301 959 2346 aequo
979 2283 1185 2338 adversi,
1211 2300 1308 2328 non
1346 2282 1584 2328 favorabi-

192 2378 261 2421 les
288 2391 377 2436 pro
405 2367 627 2416 dominio
658 2362 929 2410 terrestrali
957 2363 1083 2423 apud
1112 2361 1404 2407 subditelam
1448 2363 1578 2409 ideas

191 2457 399 2502 excitare
429 2448 627 2513 possint.
698 2445 903 2491 colonos
933 2443 1029 2504 jam
1059 2442 1357 2489 sufficienter
1397 2443 1582 2505 capaci.

190 2541 340 2588 talos,
384 2531 511 2594 quod
537 2526 792 2573 urbarium
835 2539 1058 2568 normam
1104 2525 1585 2587 t1·actamentiprae-

190 2613 401 2667 scribat,
446 2626 545 2653 non
590 2608 730 2653 facile
763 2603 1079 2648 refractarios
1112 2602 1248 2660 sore,
1306 2604 1386 2650 ubi
1419 2611 1468 2648 et
1501 2605 1584 2649 do.

190 2696 349 2741 minos
382 2699 647 2745 terrestres,
672 2697 718 2733 et
754 2684 1023 2732 eorundem
1053 2684 1280 2731 officiales
1299 2685 1411 2748 justi
1428 2700 1588 2730 aman.

191 2784 260 2823 tes
289 2772 652 2839 perspexerint,
688 2768 884 2832 ejusque
929 2766 1130 2833 insuper
1164 2783 1264 2816 esse
1299 2766 1480 2824 animi,
1526 2773 1581 2812 ut
1635 2758 1637 2761 ’

1640 421 1669 858 ‹,.2„..;„22r21:0..·.112.;-=.³
