1669 3189
627 186 966 234 mssmqm

84 287 391 352 operationes
429 287 579 334 veluti
622 287 673 333 in
713 287 912 343 radice,
964 293 1011 331 et
1046 284 1370 331 fundamento
1411 302 1485 331 su«

85 369 529 433 peraedificantur,
597 367 744 430 inque
789 367 1017 412 omnihus
1063 366 1317 412 altioribus
1362 366 1485 411 revi-

91 451 301 498 sionibus
342 451 498 512 quoad
534 466 702 494 omnes
734 447 995 494 urharialis
1043 448 1281 493 momenti
1317 463 1488 509 opera-

84 531 243 576 tiones
280 531 339 575 ad
382 532 510 575 hunc
541 545 715 574 novem
758 535 1057 589 punctorum
1097 530 1319 574 lahorem
1364 542 1488 573 sem-

81 630 174 675 per
202 612 402 656 omnino
422 625 652 653 recursus
681 607 791 652 fieri
819 608 1009 651 debeat.

214 691 336 734 Hinc
371 705 487 751 ergo
522 695 808 749 exequentes
840 686 1245 748 ‚magistratuales
1287 687 1373 732 illa
1396 687 1488 734 sol-

83 771 219 817 licita
258 769 554 826 attentione,
616 768 906 815 dexteritate
957 774 1005 812 et
1048 767 1486 829 circumspectione

82 850 399 907 incumbant,
469 856 523 893 ut
562 849 686 894 nihil
715 865 912 911 prorsus
960 866 987 893 a
1014 866 1062 893 se
1097 847 1373 894 desiderari
1402 864 1486 910 pa·

86 932 286 978 tiantur.

211 1011 268 1055 In
306 1009 595 1056 fassionibus
647 1013 959 1068 colonorum,
1017 1019 1252 1074 quatenus
1294 1011 1354 1055 ad
1388 1009 1481 1065 rei,

83 1098 132 1137 et
154 1098 300 1137 status
338 1093 601 1138 veritatem
627 1108 684 1137 eo
717 1093 895 1138 certius
924 1091 1146 1139 deveniri
1174 1092 1348 1147 valeat,
1385 1105 1488 1133 ma-

87 1175 216 1219 xime
264 1175 619 1219 attendendum
665 1181 732 1219 est
774 1176 833 1219 ad
887 1173 1162 1236 principia,
1223 1181 1270 1217 et
1302 1187 1485 1226 causas,

95 1253 273 1317 quibus
308 1254 468 1309 ducti,
524 1269 668 1315 saepe
712 1252 997 1298 intentionis
1027 1251 1231 1297 alicuius
1263 1252 1484 1295 obtinen-

87 1335 176 1380 dae
218 1350 397 1394 scopo,
453 1334 507 1375 in
555 1334 778 1376 eiusdem
825 1333 1100 1376 subsidium
1138 1332 1251 1376 talia
1289 1346 1482 1392 quoque

19 1440 21 1447 ‚
85 1419 401 1475 proponunt,
449 1426 571 1472 quae
602 1411 808 1455 uberior
845 1409 1153 1472 investigatio
1194 1412 1254 1455 ad
1279 1412 1484 1456 classem

77 1492 182 1539 falsi
212 1489 422 1537 deducit.
513 1490 723 1534 Mutatio
761 1490 1056 1551 quaestionis
1089 1490 1306 1551 positae,
1359 1506 1486 1552 quae

81 1580 249 1619 tamen
284 1573 418 1617 idem
444 1570 688 1627 intendit,
724 1577 770 1616 et
802 1571 999 1616 solidior
1026 1565 1387 1626 confrontatid,
1447 1569 1488 1619 si

19 1652 21 1663 ¹
81 1653 459 1700 unanimitatem
520 1652 785 1698 fassionum
846 1654 1111 1715 producat,
1186 1651 1488 1712 eandemque

81 1735 260 1781 locales
295 1735 443 1779 etiam
492 1734 882 1780 circumstantiae
919 1741 1214 1789 sustentent,
1279 1740 1488 1778 caracte-

21 1835 22 1889 1
83 1833 193 1861 rem
227 1815 331 1862 veri
357 1822 676 1876 praesentare
715 1823 935 1877 possunt.
1027 1818 1338 1880 Quapropter
1362 1815 1486 1859 nihil

85 1895 520 1940 intermittendum
551 1901 647 1950 est,
706 1894 834 1956 quod
870 1894 1089 1955 sagacior
1116 1893 1479 1956 promptitudo,

83 1983 131 2022 et
152 1974 264 2036 justi
289 1990 429 2019 amor
457 1973 619 2036 exigit,
662 1981 715 2018 ut
741 1973 802 2016 ad
831 1973 1090 2018 eliciendas
1119 1974 1208 2018 hac
1232 1976 1486 2020 occasione

87 2056 277 2102 sincera
310 2072 420 2100 cum
462 2054 665 2099 veritate
697 2053 926 2100 fassiones
969 2056 1131 2100 coloni
1164 2073 1486 2118 permovean-

16 2086 24 2187 ’ἓξὲξ

83 2144 196 2194 tur,
233 2136 315 2200 qui
345 2135 628 2198 ceteroquin
649 2134 739 2181 sihi
768 2135 1111 2197 imputandum
1133 2135 1400 2192 habebunt,
1445 2135 1488 2179 si

23 2263 24 2288 ἢ
87 2217 276 2282 detecta
315 2234 491 2262 eorum
531 2216 717 2273 fucata,
783 2224 830 2260 et
871 2217 1097 2261 mendaci
1139 2216 1368 2271 fassione,
1427 2231 1487 2260 ex

23 2314 25 2335 ι
83 2304 227 2359 parte
267 2297 620 2360 jurisdictionis
669 2296 1008 2343 concernentis
1038 2313 1093 2340 ea
1127 2297 1357 2358 disposita
1383 2296 1484 2341 sue-

87 2378 213 2434 rint,
261 2397 382 2442 quae
417 2380 464 2426 in
497 2398 579 2426 eos
614 2398 705 2443 pro
740 2379 975 2444 gravitate
1012 2378 1177 2424 delicti
1210 2379 1483 2440 puniendos

23 2490 24 2494 =
88 2466 137 2504 et
171 2460 334 2521 leges,
381 2469 426 2506 et
460 2462 700 2524 benignae
737 2461 1054 2506 resolutiones
1088 2459 1251 2521 regiae
1286 2476 1372 2521 per
1410 2475 1484 2503 ex-

18 2497 26 2603 Π
94 2557 321 2604 pressum
356 2525 724 2603 praescribunt,
775 2547 822 2587 et
850 2542 979 2587 serio
1009 2540 1302 2603 injungunt3
1347 2539 1485 2584 adeo-

91 2639 182 2685 que
230 2625 521 2669 resultatum
567 2641 680 2670 suae
718 2623 988 2686 iniquitatis
1029 2621 1181 2668 iidem
1211 2620 1392 2667 subditi
1438 2627 1486 2665 et

88 2721 275 2766 poena,
340 2712 388 2752 et
424 2707 625 2754 honoris
676 2707 898 2769 periculo
941 2705 1070 2753 affici
1119 2705 1296 2751 dehere
1341 2718 1484 2764 expe-

91 2784 295 2833 riantur.
