1669 3189
554 158 950 218 w593ffl.

39 268 90 312 in
114 266 233 313 facie
254 268 475 313 locorum
502 263 707 313 omnino
733 266 1103 322 revfflebuntur,
1138 270 1186 310 et
1211 266 1248 310 si
1275 267 1326 310 in
1349 267 1422 313 his

38 345 250 391 defectus
263 347 505 409 comperti
516 346 715 403 fuerint,
742 364 838 391 non
854 353 1042 392 tantum
1060 362 1254 391 errores
1284 347 1334 391 in
1352 364 1425 393 re-

41 427 288 489 gulatione
310 444 480 472 eorum
506 429 697 473 comissi
725 427 1155 484 modificahuntur‚
1180 428 1426 473 sedetiam

38 509 382 570 praestationes
416 509 687 552 urbariales
724 508 851 552 ultra
883 508 1264 568 competentiam
1299 524 1430 552 exac-

42 595 118 633 tae
170 588 286 648 ipsis
328 588 422 632 rite
462 587 882 643 bonificabuntur,
933 588 1068 649 cujus
1115 588 1175 631 ad
1206 588 1432 647 effectum

42 675 337 729 exequentes
366 668 755 731 magistratuales
777 683 891 710 mox
912 666 1230 724 instruantur,
1246 676 1297 712 ut
1313 669 1433 713 dum

39 764 221 794 novam
265 747 582 812 regulationis
620 746 849 790 tabellam
891 747 1288 804 efformaverint,
1335 764 1434 792 una

44 845 192 891 super
208 827 446 873 excessive
474 827 744 888 desumptis
762 828 1177 888 praestationibus
1216 828 1435 872 urbaria-

39 911 163 957 libus
188 908 428 953 calculum
464 914 664 963 eruant,
702 914 749 950 et
774 907 1038 951 secundum
1070 907 1197 951 hunc
1229 905 1432 967 injuria-

42 991 103 1034 tis
151 989 512 1033 instantaneam
555 987 977 1032 bonificandorum
1034 986 1428 1033 bonificationem

38 1075 328 1131 procurent,
374 1068 678 1128 desuperque
731 1067 994 1128 genuinam
1051 1083 1104 1111 ac
1157 1068 1432 1127 specificam

41 1147 334 1194 relationem
364 1146 654 1203 exhibeant,
690 1148 847 1191 isthuc
880 1148 1274 1193 submittendam.

39 1310 254 1375 (Quoad
284 1311 670 1354 correctionem
701 1305 1008 1368 defectuum
1035 1312 1091 1354 in
1124 1323 1437 1354 commassata

109 1378 255 1419 tione
280 1381 589 1419 tenatorum
627 1376 872 1419 diversae
899 1377 1117 1429 indolis,
1137 1377 1261 1418 item
1291 1370 1441 1431 refa-

106 1442 308 1484 sz'onem
366 1441 680 1500 illegalc'um
714 1443 1089 1493 exactionum,
1141 1447 1192 1483 et
1228 1437 1437 1500 fando-

104 1521 225 1549 ram
254 1506 754 1563 exstirpate‘tz'oram
784 1507 1176 1554 relzzil'ionem.)

176 1639 222 1675 2.
247 1627 514 1673 Observato
537 1646 613 1686 eo,
646 1629 772 1691 quod
801 1628 994 1673 domini
1034 1633 1287 1672 terres-tres
1334 1641 1437 1669 non

46 1714 236 1751 tantum
274 1708 451 1752 fundos
496 1708 784 1753 colonicales
842 1708 1074 1751 oneribus
1113 1705 1440 1752 urbarialibus

46 1786 306 1846 subjectos,
352 1789 436 1833 sed
479 1789 626 1832 etiam
663 1787 760 1848 juri
792 1796 1021 1832 montano
1048 1788 1299 1841 obnoxios,
1332 1802 1442 1829 cen-

45 1867 312 1912 sualisticos
365 1869 485 1912 item
511 1903 523 1925 ,
579 1876 625 1914 et
667 1868 985 1929 extirpatitios
1027 1885 1117 1911 nec
1160 1883 1257 1911 non
1317 1880 1432 1907 aere

48 1946 102 1990 in
126 1955 420 2008 perpetuum
451 1954 753 2009 comparatos
783 1947 1030 2003 dimetiri,
1068 1954 1247 1991 etcum
1284 1942 1442 1987 fundis

53 2019 390 2072 sessionalibus
419 2028 724 2073 commisceri
760 2027 1054 2081 curaverint,
1073 2027 1245 2088 quibus
1264 2041 1288 2069 e
1308 2040 1446 2085 prae-

52 2106 128 2151 via
181 2106 486 2152 dimensione
530 2107 889 2169 regulationem
932 2106 1234 2151 urbariaiern
1285 2104 1446 2148 subin-

52 2186 386 2250 gredientibus
421 2189 589 2233 miseri
617 2188 986 2233 contribuentes
1011 2203 1160 2231 onera
1180 2184 1447 2230 urbarialia

57 2268 115 2312 ab
155 2267 331 2312 iisdem
385 2275 551 2313 contra
578 2284 776 2312 omnem
820 2269 1110 2329 aequitatem
1149 2282 1200 2310 ac
1238 2266 1342 2327 ipsa
1371 2279 1446 2307 re-

55 2347 318 2409 gulationis
360 2348 606 2410 principia
653 2356 942 2410 supportare
984 2348 1212 2393 debentes
1250 2360 1448 2407 magno·-

53 2443 174 2489 pere
212 2428 607 2473 damnificantur,

186 2509 618 2571 Quemadmodum
662 2508 845 2552 idcirco
906 2508 1034 2552 enati
1077 2523 1164 2568 pei·
1201 2504 1449 2568 praeviam

55 2586 328 2632 fundorum
356 2589 779 2644 commixtionem,
817 2594 864 2632 et
888 2588 937 2632 in
966 2586 1331 2632 constitutivum
1359 2584 1451 2627 im·-

55 2667 387 2729 putationem,
420 2668 469 2713 in
523 2666 829 2730 regulationc
877 2667 1110 2711 urhariali
1151 2665 1363 2711 desectus
1399 2662 1452 2708 in

56 2747 365 2794 manifestam
421 2748 831 2795 contribuentium
858 2747 1306 2795 damnificationem
1348 2757 1453 2792 ver-

1046 2827 1120 2889 Pp
