1669 3189
708 191 775 204 m.
833 174 923 227 41)ss
978 192 1048 205 w..

186 281 448 328 urbm-iadis
471 298 558 344 pro
592 277 693 323 basi
717 284 1020 339 assumptum
1047 275 1189 323 fuisse
1222 283 1358 341 patet
1383 277 1449 327 ex¹
1474 279 1576 342 ipsa

189 363 510 410 instructione
533 358 931 403 comissariorum
955 359 1207 422 regiorum
1239 359 1278 420 §.
1309 364 1386 409 26.

318 444 411 507 Qui
439 456 528 501 pro
557 438 848 484 affirmativa
877 439 1132 485 decisionis
1168 439 1464 502 quaestionis
1493 439 1582 486 hu-

187 525 262 586 jus
299 525 549 584 pugnant,
583 519 669 565 has
693 519 936 565 adducere
963 536 1129 565 causas
1157 520 1414 564 videntum
1442 519 1586 582 Vigo-

188 620 240 648 re
267 599 714 662 antiquissimarum
741 601 931 663 patriae
954 601 1153 664 legum,
1189 601 1436 663 signanter
1477 599 1590 645 Ula-

189 681 329 728 dislai
364 680 496 726 decr.
534 680 645 725 VII.
676 688 764 726 art.
799 693 874 728 15.
922 692 998 728 17.
1036 693 1110 737 19.
1144 681 1264 727 item
1312 684 1453 728 1548·
1491 684 1583 723 art.

189 765 265 810 56.
291 772 366 808 37.
391 785 456 793 ·——
488 763 627 810 1555.
663 768 752 806 art.
780 774 854 807 11.
893 762 1099 806 rusticus
1128 759 1376 823 explendis
1404 758 1456 802 in
1500 773 1586 803 na-

185 849 296 886 tura
326 841 523 885 domino
556 858 640 885 suo
668 842 896 885 terrestri
936 841 1111 887 debitis
1150 837 1589 902 praestationibus,

187 939 240 967 ac
267 920 408 966 certis
451 918 761 965 servitutibus
798 919 1037 980 subjectus
1075 928 1161 965 est.
1197 922 1267 965 Ex
1308 921 1381 965 his
1419 919 1590 974 datiis,-

186 1008 234 1046 et
261 999 573 1046 servitutibus
599 997 863 1044 universali
899 1000 1041 1061 regni
1066 1007 1113 1043 et
1151 1002 1461 1046 saeculorum
1498 1015 1592 1043 usu

187 1081 434 1127 roboratis
453 1112 466 1136 ‚
503 1078 709 1125 subinde
734 1079 794 1123 ad
813 1085 1001 1123 certam
1029 1094 1255 1124 normam
1273 1112 1288 1135 ,
1324 1087 1372 1124 et
1396 1095 1592 1124 mensu-

188 1177 298 1206 ram
324 1160 539 1206 redactis
566 1165 710 1217 enata
739 1174 842 1202 esse
875 1159 1104 1214 urharia,
1132 1157 1292 1203 hasim
1316 1158 1596 1203 correlatio-

187 1257 308 1287 num
331 1240 463 1285 inter
505 1239 797 1296 dominum,
832 1245 880 1285 et
908 1238 1207 1285 urbarialem
1231 1239 1479 1288 subditum
1517 1237 1594 1283 de-

182 1318 529 1376 terminantia,
564 1320 998 1383 provisionemque
1022 1323 1080 1367 de
1116 1319 1329 1366 urhariis
1365 1318 1464 1365 rite
1510 1319 1595 1364 ob·

186 1400 464 1457 servandiS,
520 1401 736 1446 articulis
780 1418 973 1463 quoque
1016 1411 1089 1450 18.
1136 1413 1276 1449 1723.
1310 1426 1376 1435 —
1425 1406 1472 1446 et
1506 1408 1590 1447 ⁷35-

196 1493 337 1537 1ῖ29.
366 1481 540 1526 saetam
560 1481 735 1538 fuisse,
771 1481 946 1543 quibus
977 1482 1253 1526 novellares
1293 1495 1488 1542 quoque
1528 1480 1596 1523 le-

187 1578 270 1624 ges
304 1561 626 1607 articulorum
658 1567 826 1622 utpote
874 1573 949 1609 12.
987 1572 1126 1617 1792.
1172 1585 1238 1592 --
1269 1562 1316 1608 6-
1357 1569 1498 1608 ’1802-
1527 1581 1595 1592 --·

193 1654 240 1698 3,
285 1652 423 1690 1805.
472 1649 522 1685 et
568 1643 708 1689 1307.
753 1641 1027 1686 sanctiones
1074 1640 1479 1704 superaddendae
1518 1655 1596 1697 ve-

189 1722 362 1779 niunt3
398 1722 449 1766 in
497 1720 669 1782 quihus
720 1721 948 1766 omnibus
982 1722 1118 1766 nulla
1158 1730 1359 1782 prorsus
1407 1726 1599 1765 contra·

193 1808 358 1844 ctuum
387 1800 713 1846 urbarialium
740 1799 930 1845 mentio
966 1800 1206 1857 occurrit3
1243 1807 1454 1862 spectato
1484 1816 1598 1861 pro-

192 1879 309 1924 inde
340 1897 428 1936 eo,
472 1881 603 1942 quod
644 1880 869 1924 dominus
898 1880 1146 1925 terrestris
1172 1879 1221 1925 vi
1257 1879 1424 1942 legalis
1463 1880 1606 1943 aqui--

190 1960 401 2016 sitimus,
439 1969 484 2006 et
514 1962 783 2007 donationis
810 1947 1006 2025 regiae,
1043 1979 1132 2008 nec
1167 1980 1265 2008 non
1293 1979 1437 2008 sensu
1484 1960 1595 2007 titu-

188 2040 355 2086 lorum
380 2053 426 2096 9·
462 2042 615 2104 partis
643 2043 680 2085 I·
704 2067 770 2076 -—
798 2054 874 2091 50.
916 2051 965 2088 et
1001 2046 1079 2091 56.
1123 2043 1275 2104 partis
1315 2043 1400 2088 III.
1435 2041 1594 2106 legiti-

194 2137 301 2165 mus
329 2129 487 2166 terrae
531 2138 645 2167 suae
684 2123 1044 2186 proprietarius
1069 2120 1179 2180 sit,
1227 2110 1273 2168 et
1313 2123 1594 2168 introducta

197 2200 346 2245 etiam
373 2219 497 2248 nova
530 2204 794 2250 urbarialis
827 2205 1072 2268 regulatio
1108 2204 1321 2249 eundem
1357 2203 1409 2247 in
1454 2199 1594 2265 justis

195 2279 386 2341 juribus
435 2282 529 2327 suis
564 2284 778 2330 liberum
837 2302 890 2330 ac
926 2285 1202 2330 immunem
1253 2289 1595 2329 conservatum

199 2361 344 2418 velit,
381 2380 492 2408 cum
528 2381 683 2426 porro
709 2365 927 2411 subditus
969 2383 995 2412 e
1027 2371 1191 2410 mente
1222 2363 1358 2410 tituli
1385 2376 1463 2415 30.
1485 2380 1596 2427 par-

202 2442 259 2485 tis
287 2444 371 2489 III.
403 2446 709 2509 aliarumque
747 2448 918 2510 legum
954 2448 1143 2492 nullum
1178 2447 1253 2509 jus
1295 2446 1594 2510 perpetuita-

201 2520 262 2564 tis
290 2523 341 2568 in
370 2518 731 2573 terris-domini
759 2529 829 2573 sui
867 2529 1070 2586 habeat,
1119 2537 1166 2573 et
1207 2546 1297 2591 per
1335 2526 1588 2573 urbm-ium

201 2600 241 2645 is
286 2612 453 2649 contra
491 2623 743 2665 excessus,
791 2615 936 2670 atque
987 2608 1159 2654 abusus
1203 2616 1386 2665 sartus,
1421 2613 1592 2651 tectus-

203 2697 294 2741 que
331 2682 598 2745 haheat-uf,
655 2692 841 2735 clarum
889 2705 1021 2747 esse,
1069 2691 1199 2753 quod
1236 2690 1321 2736 uhi
1362 2690 1593 2733 hactenus

203 2774 472 2813 contractus
504 2772 809 2832 temporanei
841 2771 1133 2834 viguerunt,
1170 2775 1256 2816 nec
1283 2766 1507 2815 dominus
1531 2766 1593 2813 ad
