1669 3189
623 213 693 223 ..w
753 189 836 244 359
894 211 963 222 κ..

227 312 269 348 5.
305 301 552 360 Tempore
581 305 835 353 araturae,
871 296 1062 352 messis,
1099 293 1382 350 falcaturae,
1442 301 1491 340 et

97 379 456 425 vindemiarum
480 379 609 441 exigi
633 385 855 440 nequeat.

228 465 271 507 4.
305 461 473 520 Neque
515 459 566 502 in
608 464 896 518 sequentem
933 457 1111 500 'annum
1150 452 1363 508 differri,
1413 451 1488 495 vel

97 553 236 593 aere,
272 540 347 583 vel
379 538 675 584 naturalibus
709 536 919 592 redimi,
973 537 1128 582 aliove
1153 536 1319 580 labore
1359 549 1488 577 com-

94 619 289 664 mutari.

208 709 266 758 Γ5.
305 696 350 740 Si
373 695 642 757 praemissa
674 702 874 740 vectura
902 712 956 740 ex
982 695 1215 756 quopiam
1245 691 1485 738 incidenti

101 777 217 820 duos
246 775 347 820 dies
374 776 494 819 illuc
522 777 684 820 eundo
709 774 982 830 excesserit,
1009 781 1090 818 aut
1112 773 1360 818 redeundo
1386 788 1489 817 cur-¹

89 872 173 900 rus
202 873 293 917 per
329 855 602 901 dominium
643 863 963 912 oneraretur,
1017 853 1251 916 superflui
1289 860 1480 914 quoque

91 935 192 979 dies
231 935 329 991 illi,
378 945 424 982 et
465 938 572 1001 ipse
608 939 755 984 etiam
787 937 971 983 reditus
1001 954 1055 982 ex
1085 935 1273 980 rohotta
1311 949 1487 994 suppu-

88 1015 223 1059 tandi
252 1025 410 1062 erunt.

219 1098 261 1142 6.
298 1097 353 1140 In
391 1098 467 1142 via
501 1098 664 1154 nauli,
711 1100 1032 1154 teloniorum,
1095 1094 1476 1146 tricesimarum,

90 1180 137 1217 et
168 1177 448 1235 quorumvis
484 1180 823 1240 vectigalium,
867 1196 952 1224 nec
978 1194 1079 1223 non
1102 1173 1307 1237 hospitii
1333 1172 1383 1217 in
1418 1171 1488 1214 di-

88 1256 339 1312 versorio,
409 1259 494 1302 ubi
544 1260 929 1303 condescendere
983 1259 1195 1310 dehent,
1255 1268 1483 1316 expensas

92 1333 371 1378 dominium
408 1336 537 1379 serre
561 1344 801 1380 teneatur.

218 1412 261 1470 ᾗ.
294 1424 366 1458 15.
402 1414 472 1455 Ex
494 1414 688 1457 ratione
716 1413 1004 1474 lignationis
1024 1421 1124 1455 tam
1151 1411 1316 1455 focalis
1341 1428 1486 1472 quam

91 1491 264 1536 aedilis
279 1491 471 1536 subdito
489 1493 636 1554 gratis
656 1492 918 1548 admissae,
930 1492 1141 1555 singulus
1158 1493 1351 1536 colonus
1367 1492 1486 1536 inte-

91 1588 205 1634 grae
234 1571 746 1634 sessionisajumentis
765 1573 1009 1635 provisus,
1039 1572 1320 1633 esylvisper
1335 1570 1483 1614 offici-

88 1654 212 1697 alem
238 1653 542 1698 dominalem
567 1654 894 1716 designandis,
938 1670 1089 1697 unam
1118 1653 1308 1714 orgiam
1332 1651 1485 1714 ligno-

87 1749 199 1777 rum
241 1731 469 1776 socalium
503 1749 593 1793 per
637 1733 759 1777 duos
786 1732 1105 1776 manualistas
1141 1731 1339 1794 praevie
1377 1748 1485 1774 con-

85 1813 343 1857 secandam
374 1812 436 1856 ad
451 1813 639 1858 curiam
658 1815 734 1860 vel
750 1814 984 1858 allodium
1017 1813 1282 1868 dominale,
1312 1811 1483 1856 alium-

85 1910 143 1938 ve
180 1893 308 1936 intra
344 1893 522 1939 limites
549 1895 751 1955 quidem
787 1894 998 1939 dominii
1036 1892 1385 1939 destinandum
1418 1893 1485 1936 lo-

89 1989 201 2016 cum
246 1973 488 2017 devehere
542 1981 834 2031 teneantur,
895 1982 942 2019 et
982 1975 1047 2019 sic
1097 1990 1124 2018 a
1159 1974 1482 2035 proportione

86 2050 312 2107 mediae,
349 2053 608 2113 quartalis,
647 2062 695 2098 et
724 2054 948 2099 octavalis
988 2055 1210 2100 sessionis
1244 2054 1423 2098 coloni.

219 2131 256 2191 §.
290 2138 360 2181 14.
396 2134 586 2179 Licebit
626 2134 814 2180 interea
852 2136 1052 2180 domino
1088 2135 1312 2179 terrestri
1352 2135 1480 2178 hunc

85 2213 249 2274 ipsum
270 2214 492 2259 laborem
514 2216 607 2259 alia
634 2217 958 2277 aequivalenti
981 2218 1138 2261 coloni
1170 2231 1323 2277 opera
1354 2230 1482 2257 com-

89 2300 276 2338 mutare
296 2328 309 2351 ,
366 2295 434 2340 ita
459 2303 511 2340 ut
537 2297 751 2343 devectio
786 2298 987 2359 quidem
1015 2296 1168 2358 jugali
1208 2295 1348 2339 unius
1378 2293 1479 2338 diei

87 2372 254 2417 labore
274 2390 285 2430 3
308 2374 438 2436 ligna
458 2392 572 2419 vero
596 2376 908 2420 caedentium
938 2375 1149 2418 duorum
1172 2376 1478 2420 manualista-

88 2473 202 2500 rum
242 2455 523 2517 singillatim
561 2457 732 2502 itidem
762 2459 902 2502 unius
945 2456 1043 2501 diei
1066 2457 1228 2500 labore
1262 2455 1476 2502 manuali

89 2536 253 2580 hieme
281 2536 579 2598 perficiendo
605 2546 883 2601 peragatur.

221 2616 258 2676 §.
293 2628 362 2664 15.
403 2617 639 2675 ΘοΙοηιιὸ,
688 2636 896 2674 nonam,
947 2619 1031 2663 ubi
1061 2620 1183 2663 hanc
1220 2615 1273 2660 in
1300 2624 1476 2661 natura

84 2705 324 2759 praestat,
382 2707 462 2743 aut
491 2700 566 2761 jus
607 2709 897 2746 montanum
934 2700 993 2746 ad
1047 2702 1210 2745 locum
1247 2701 1297 2745 in
1335 2700 1475 2745 terri-

88 2776 212 2825 101'10
237 2781 592 2840 procreationis
627 2781 999 2845 designandum,
1036 2789 1173 2828 extra
1194 2780 1471 2843 imputati&
