1669 3189
837 143 920 182 (310
984 163 1050 175 vm

288 271 735 318 BENIGNA
804 271 1474 322 INSTRUCTIO

195 366 485 410 Norn1a1n
537 364 996 425 praescribens
1035 381 1298 410 annuam
1336 370 1578 414 urbari-
1642 391 1644 407 ι

196 462 400 501 orum,
453 445 735 507 quaiiter
786 447 1279 491 observatorum
1315 448 1578 495 investi-

535 525 846 588 gationem
881 527 1248 590 peragendi.

322 645 361 705 §.
419 658 456 693 1.
515 648 585 692 Ne
632 648 898 693 urbariales
945 650 1276 712 regulationes
1317 648 1579 695 successive

190 742 280 788 per
311 725 550 772 desectum
588 729 886 774 necessariae
939 730 1249 793 vigilantiae,
1303 730 1583 774 remissum-

192 822 284 869 que
321 823 488 852 earum
527 809 874 853 observationis
905 811 1118 854 studium
1153 812 1204 855 in
1236 812 1437 856 irritum
1466 808 1583 854 reci-

200 887 346 943 dant,
389 886 598 948 benigne
634 888 967 949 praecipitur,
1010 897 1063 939 ut
1102 906 1213 935 cum
1260 892 1356 935 fine
1400 878 1584 936 mensi-s

192 966 466 1011 decembris
515 966 666 1011 veluti
714 973 937 1028 tempore
972 969 1385 1029 opportunissimo
1436 969 1584 1015 indis·

189 1044 513 1107 pensabiliter
551 1045 602 1090 in
652 1045 865 1107 quolibet
907 1048 1161 1093 comitatus
1204 1047 1450 1105 districtu,
1498 1066 1583 1094 seu

188 1142 423 1188 processu
462 1127 651 1190 singula
689 1127 810 1184 loca,
847 1128 980 1173 nullo
1003 1130 1204 1190 prorsus
1237 1137 1455 1191 excepto,
1489 1146 1581 1191 per

187 1208 547 1268 processualem
573 1207 812 1267 judlium,
849 1216 932 1253 aut
961 1209 1281 1271 vicejudlium
1328 1228 1438 1256 cum
1482 1226 1579 1255 uno

187 1287 426 1348 jurassore
452 1287 738 1344 visitentur,
774 1289 960 1350 hacque
993 1290 1258 1345 occasione,
1310 1297 1358 1334 et
1382 1289 1583 1352 quidem

188 1367 370 1430 ubique
400 1369 451 1412 in
478 1368 583 1429 ipsa
617 1367 793 1431 singuli
827 1368 924 1413 loci
948 1368 1070 1413 facie
1101 1369 1307 1414 sollicite
1338 1369 1581 1424 videatur,

185 1464 305 1492 num
349 1449 684 1494 authenticum
739 1449 1028 1505 urbarium,
1065 1451 1342 1495 authentica
1370 1451 1490 1494 item
1519 1458 1584 1494 ta-

186 1528 316 1573 bella
354 1529 611 1573 urbarialis
630 1562 642 1584 ,
677 1536 826 1590 prout
851 1537 896 1573 et
923 1529 1275 1574 testimoniales
1305 1547 1450 1591 super
1476 1545 1590 1574 exe-·

187 1610 379 1652 cutione
419 1607 681 1662 urbariali,
717 1625 807 1652 nec
838 1625 937 1653 non
967 1616 1144 1670 puncta
1198 1609 1441 1671 generalia
1473 1625 1583 1670 pro-

187 1672 341 1731 hibita
391 1703 541 1748 aeque
587 1687 674 1730 sub
704 1688 977 1731 authentico
1017 1687 1271 1731 comitatus
1303 1689 1462 1749 sigillo
1503 1705 1580 1732 ex-

195 1769 390 1829 pedita,
420 1783 471 1810 ac
498 1772 755 1827 praeterea
794 1765 1088 1827 conscriptio
1118 1765 1235 1826 juris
1276 1768 1496 1812 montani
1529 1768 1583 1813 in

192 1846 309 1889 loris
337 1843 674 1906 promontorio
703 1845 1024 1906 gaudentibus
1037 1846 1162 1907 apud
1180 1847 1583 1893 communitatem

191 1924 284 1968 loci
313 1924 642 1985 praeexistant
671 1938 758 1967 nec
792 1940 852 1968 ne
878 1924 901 1968 ἱ)
961 1925 1008 1970 Si
1036 1926 1354 1987 praexistunt,
1404 1927 1577 1971 eadem

185 2003 391 2049 subditis
431 2004 560 2048 clara
601 2020 718 2048 voce
748 2005 1052 2066 punctatim,
1089 2022 1140 2050 ac
1164 2004 1386 2050 seriatim
1419 2007 1579 2068 perle-

184 2090 381 2146 gantur,
417 2082 665 2146 iidemque
686 2083 1082 2147 interrogentur,
1115 2101 1234 2130 num
1259 2086 1311 2130 in
1338 2087 1577 2157 'quopiam

181 2171 363 2224 puncto
401 2171 570 2208 contra
607 2163 862 2208 urbarium
890 2197 903 2220 ,
940 2172 1022 2209 aut
1053 2173 1348 2226 praeattacta
1393 2174 1578 2228 puncta

193 2244 467 2305 generalia,
507 2245 793 2307 reliquaque
827 2247 1046 2307 superius
1074 2253 1246 2291 attacta
1267 2263 1358 2310 per
1373 2248 1581 2293 domini-

184 2340 270 2367 um
306 2331 387 2368 aut
412 2324 631 2385 ejusdem
651 2326 889 2372 *officiales
921 2327 998 2372 vel
1032 2325 1293 2373 servitores
1329 2327 1379 2374 in
1409 2330 1576 2392 aliquo

185 2420 435 2449 excessum
482 2404 627 2450 suerit
653 2406 677 2449 ?
713 2413 758 2451 et
796 2406 834 2450 si
876 2406 1039 2451 nullae
1075 2422 1276 2467 prorsus
1320 2408 1579 2469 prodirent

186 2484 538 2544 querimoniae,
553 2485 645 2545 ipsi
671 2485 914 2532 visitantes
939 2485 1086 2547 judex
1104 2486 1343 2530 nobilium
1360 2495 1407 2531 et
1426 2488 1577 2549 juras-

186 2579 264 2606 sor
301 2564 380 2606 tali
414 2565 465 2609 in
500 2582 610 2610 casu
643 2567 870 2628 scriptam
904 2566 1113 2628 desuper
1139 2583 1165 2611 a
1196 2568 1572 2624 communitate,

188 2642 442 2705 sigilloque
480 2647 700 2707 ejusdem
728 2647 1006 2709 expeditam
1034 2646 1426 2709 recognitionem
1457 2647 1576 2691 acci-

186 2722 351 2784 piant,
387 2741 475 2785 pro
501 2742 609 2769 casu
639 2713 786 2783 vero,
833 2744 886 2772 ac
928 2727 1007 2771 hic
1041 2728 1116 2772 vel
1140 2727 1221 2771 ille
1256 2728 1386 2771 locus
1414 2725 1573 2788 sigillo

187 2811 318 2850 caret
337 2836 352 2861 ,
381 2821 473 2868 pro
504 2804 596 2851 hoc
627 2808 896 2870 supplendo
939 2808 1191 2854 modalitas
1227 2807 1320 2853 alia
1345 2804 1570 2851 adhibea-

1641 437 1653 471 l„
