1669 3189
610 134 679 145 m.
738 114 824 162 453
882 133 953 145 m.

86 240 170 267 um
209 223 309 266 fine
364 221 619 265 revisionis
690 237 883 282 semper
919 213 1223 276 reserantur,
1299 221 1478 267 abinde

84 302 246 345 medio
281 302 451 346 excelsi
485 301 684 347 Consilii
726 301 849 364 regii
874 300 1343 357 locumtenentialis‚
1398 320 1477 347 aus

86 382 186 425 dito
218 382 443 442 praevie,
494 383 545 426 in
574 389 808 444 quantum
833 383 1090 442 sphaeram
1119 382 1291 426 calculi
1321 383 1478 444 respi-

85 459 178 515 cit,
215 478 296 504 suo
322 462 628 514 Exactoratu‚
646 461 824 504 comite
854 460 1075 521 ejusdem
1092 463 1263 506 excelsi
1278 463 1478 507 Consilii

81 543 209 604 regii
244 540 690 585 locumtenentialis
729 539 993 601 opinione,
1047 558 1161 586 suae
1207 541 1475 602 Majestatis

80 622 427 666 sacratissimae
464 621 697 666 decisioni
734 621 1094 682 substernendi.
1161 623 1474 668 Exactoratus

81 708 243 745 autem
280 700 720 761 locumtenentialis
758 701 809 745 in
845 701 940 744 hoe
966 701 1148 744 merito
1176 703 1369 748 strictae
1396 703 1478 748 ob-

75 781 323 843 ligationis
353 788 436 825 est.
512 793 550 827 1.
594 781 861 826 Reflectere
895 782 954 826 ad
980 782 1223 826 calculum
1248 782 1476 829 fororiml

75 861 505 908 subordinatorum
565 861 618 905 in
677 862 874 907 adnexis
927 864 1255 908 urbarialihus
1301 864 1477 909 instru-

76 941 273 997 mentis,
309 948 354 985 et
391 941 600 986 detectos
639 943 811 987 calculi
845 960 1038 988 errores
1071 944 1360 990 rectificare.
1427 956 1475 992 2.

75 1021 292 1066 Sollicite
325 1019 383 1066 eo
421 1021 842 1079 animadvertere,
892 1031 945 1068 ut
969 1024 1220 1069 occasione
1248 1041 1478 1070 comassa-

73 1101 217 1146 tionis
242 1108 558 1157 tenutorum,
611 1109 657 1147 et
685 1103 958 1163 respective
991 1102 1343 1147 substitutionis
1370 1119 1481 1147 con-

73 1181 406 1226 stitutivorum
437 1198 708 1237 novorum,
758 1182 934 1227 reflexe
971 1182 1030 1226 ad
1071 1183 1383 1244 aequivalens
1422 1183 1476 1227 in

77 1262 342 1323 quantitate
377 1263 455 1306 vel
491 1262 750 1323 qualitate,
802 1268 883 1305 aut
912 1261 1072 1305 fructu
1101 1277 1126 1305 e
1158 1262 1295 1306 novis
1331 1268 1475 1313 tenu-

65 1341 126 1384 tis
164 1341 479 1400 percipiendo
522 1341 729 1400 qualiter
767 1340 1105 1402 designatum,
1189 1349 1236 1385 et
1280 1356 1476 1385 concer-

66 1421 291 1465 uentibus
337 1420 521 1464 colonis
573 1419 867 1481 ejectatum,
933 1420 1242 1481 parallellam
1307 1422 1474 1477 ducat,

71 1517 162 1562 ope
226 1501 358 1545 cuius
430 1506 575 1544 status
638 1506 748 1542 ante
809 1498 1100 1553 urharialis,
1177 1518 1288 1544 cum
1349 1510 1476 1546 statu

70 1581 403 1644 regulatorio‚
443 1587 672 1627 attamen
697 1582 830 1643 juxta
850 1579 1219 1643 praescriptum
1242 1581 1287 1624 b⁶
1321 1579 1480 1640 dispo--

72 1661 304 1706 sitionum
333 1663 486 1707 relate
518 1665 578 1708 ad
605 1679 773 1708 omnes
798 1662 1070 1724 positiones
1091 1663 1481 1718 accommodato,

69 1740 316 1785 bilancem
346 1742 576 1786 sustineat
606 1743 706 1798 ita,
774 1749 829 1786 ut
859 1743 1046 1786 colonis
1073 1758 1167 1803 per
1196 1759 1372 1786 novam
1404 1758 1478 1786 re-

70 1822 375 1884 gulationem
421 1823 554 1866 nulla
604 1838 805 1883 prorsus
844 1821 1062 1882 injuria,
1123 1830 1206 1866 aut
1237 1821 1477 1867 damnum

73 1904 345 1966 quodpiam
390 1902 584 1948 illatum
636 1903 780 1947 fuisse
833 1902 1114 1960 evincatur3
1179 1919 1237 1947 eo
1283 1907 1479 1959 attact03

66 1984 198 2047 quod
214 1984 580 2028 communitatis
597 1999 813 2046 quoque,
845 1982 1031 2028 intuitu
1055 1983 1321 2028 fundorum
1350 1998 1480 2028 com-

68 2066 325 2122 munium,
364 2082 479 2127 quos
506 2063 667 2110 nefors
701 2071 846 2109 antea
873 2064 1177 2125 possidebat,
1214 2062 1477 2109 conformis

71 2148 274 2194 reflexio
305 2146 479 2192 haberi
509 2148 707 2192 debeat.
779 2158 823 2194 5.
863 2145 1294 2191 Combinationem
1323 2144 1481 2188 acclu-

73 2245 240 2273 sorum
287 2227 337 2272 in
389 2244 621 2290 processu
673 2229 1092 2272 documentorum
1149 2224 1478 2270 urbarialium

73 2309 406 2370 comparative
439 2310 500 2354 ad
531 2309 922 2371 praeexistentes
963 2305 1199 2369 benignas
1228 2302 1479 2350 resolutio-

71 2407 156 2435 nes
193 2389 349 2452 regias
379 2398 653 2435 accuratam
688 2390 946 2434 instituere
964 2420 977 2443 ‚
1024 2394 1070 2432 et
1093 2387 1133 2431 si
1157 2401 1278 2448 quae
1304 2384 1353 2427 in
1379 2398 1478 2426 me-

72 2471 169 2515 rito
201 2469 476 2518 differentia
519 2479 773 2533 comperta
814 2469 987 2524 fuerit,
1037 2475 1119 2512 aut
1149 2466 1308 2511 nesors
1345 2479 1480 2508 erro-

73 2565 149 2597 res
176 2550 546 2597 intervenissent
590 2552 770 2613 aliqui,
816 2549 1039 2612 primum
1080 2565 1134 2593 ex
1166 2548 1255 2591 hac
1294 2543 1474 2589 combi-

75 2631 273 2677 natione
311 2632 514 2688 detecti,
565 2649 656 2693 pro
690 2630 844 2675 nobili
881 2629 1044 2674 officio
1070 2645 1155 2673 suo
1182 2626 1474 2672 reflexiones

78 2712 372 2773 depromere
393 2745 407 2768 ,
444 2728 496 2755 ac
522 2728 615 2756 una
642 2710 939 2756 ulteriorum
985 2707 1358 2771 dispositionum
1395 2722 1476 2752 ne-

81 2792 350 2843 cessitatem
375 2809 489 2844 cum
517 2807 575 2840 eo
611 2792 742 2856 quod
768 2790 1000 2850 interest,
1035 2805 1331 2856 proponere.
