1669 3189
623 134 962 176 m513-w·

107 246 273 285 stres
330 238 598 285 urbaria
668 240 1067 286 excedentes
1123 241 1495 305 erigendas,

108 320 181 364 ad
214 320 454 365 sedrias
488 322 840 383 pertinere.

233 403 342 446 Una
366 418 479 446 vero
510 404 598 447 sub
632 403 769 464 gravi
804 401 1224 447 animadversione
1262 416 1314 446 ac
1341 403 1492 449 etiam

102 482 163 526 ab
189 481 362 525 officiis
393 480 616 524 dictanda
641 481 888 524 amotione
905 513 918 536 ,
971 482 1095 525 fiscis
1119 481 1494 543 magistratuali-

101 559 226 617 bus,
283 559 453 621 quibus
493 558 748 620 provincia
777 560 1072 605 assistentiae
1097 578 1189 622 pro
1222 570 1357 622 parte
1387 581 1494 609 con-

102 640 427 684 tribuentium
457 655 513 682 ex
539 639 702 683 officio
731 639 891 684 delata
934 647 1032 696 est,
1081 657 1310 700 supremo
1342 644 1494 688 nomi-

100 738 161 768 ne
190 720 329 783 regio
359 722 616 765 comissum
638 726 733 776 est,
794 726 848 763 ut
876 720 1292 781 quemadmodum
1318 725 1491 770 articu-

99 802 174 847 lus
204 805 280 849 56.
311 813 446 849 1723.
481 807 741 857 statueret,
777 802 862 845 sed
891 808 937 845 et
959 802 1124 863 plures
1147 802 1488 851 instructiones

104 881 299 926 disertis
335 881 497 927 verbis
535 881 905 943 praeciperent,
957 882 1208 925 comitatus
1244 882 1492 942 officiales,

99 978 153 1006 ac
181 962 425 1024 signanter
459 961 642 1005 fiscales
681 961 1070 1023 magistratuales
1107 962 1318 1007 domino·
1341 972 1491 1013 terre-

98 1041 184 1086 stri
215 1048 370 1086 semet
397 1057 593 1102 quoquo
619 1041 765 1085 modo
793 1041 1026 1104 obligare,
1066 1049 1112 1087 et
1141 1046 1488 1091 conventiones

98 1137 403 1167 assummere
445 1120 530 1165 sul)
564 1122 873 1166 instantanea
914 1122 1061 1166 officii
1106 1123 1365 1169 amissione
1387 1144 1488 1171 non

97 1201 335 1255 audeant,
380 1201 630 1262 officiaque
660 1218 745 1246 sua
767 1201 977 1263 seposita
1011 1200 1146 1246 omni
1172 1201 1489 1252 interressen,¹

96 1280 165 1325 tia
204 1280 360 1342 probe
415 1298 468 1324 ac
509 1281 695 1338 debite,
749 1283 1049 1343 munerique
1081 1283 1279 1344 publico
1319 1302 1489 1332 conve-

94 1361 253 1404 nienti
297 1359 624 1404 exactitudine
659 1368 857 1422 gerant,
918 1369 1268 1424 consequenter
1312 1366 1488 1409 contri-

92 1440 285 1485 buentis
311 1437 466 1500 plebis
519 1438 854 1499 querimonias
892 1441 1089 1497 audire,
1144 1449 1189 1486 et
1228 1443 1387 1488 eidem
1419 1447 1489 1489 iu-

95 1521 278 1567 stitiam
317 1519 670 1564 instantaneam
709 1519 1056 1563 administrare
1095 1519 1220 1563 nulli
1244 1523 1486 1569 intermib

92 1606 209 1646 tant.
307 1598 566 1644 Radicatur
605 1599 705 1660 jam
742 1599 796 1642 in
835 1599 1137 1645 resolutione
1177 1602 1316 1664 regia
1360 1619 1485 1649 anno

96 1683 237 1737 1769.
261 1697 376 1728 nro,
405 1680 503 1730 aul,
532 1689 646 1728 285.
671 1686 911 1725 emanata.

657 1818 779 1858 ΛΒΤ.
818 1819 873 1856 II.

90 1906 172 1948 De
208 1903 560 1963 querimoniis
594 1903 720 1957 snb,
777 1907 831 1944 et
864 1902 993 1946 anie
1034 1902 1369 1951 zzrbarialem
1407 1907 1485 1950 in-

434 1969 826 2012 troductionem
858 1969 1134 2014 exhibitis.

219 2074 539 2122 Instructione
577 2074 973 2120 comissariorum
1020 2077 1272 2139 regiorum
1320 2077 1359 2137 ᾗ.
1402 2088 1480 2126 25.

87 2157 388 2218 praecipitur
417 2156 801 2218 disponendum,
855 2173 1181 2218 supremoque
1207 2155 1314 2216 jure
1344 2158 1480 2221 regio

88 2235 477 2298 injungendum,
512 2244 566 2281 ut
590 2237 627 2280 si
655 2236 962 2280 subditorum
994 2236 1334 2298 querimoniae
1358 2238 1477 2284 tales

87 2316 375 2377 prodirent,
423 2335 544 2379 quae
570 2317 1005 2380 transgressionem
1038 2316 1132 2361 rite
1173 2334 1225 2361 ac
1258 2317 1478 2380 legitime

89 2395 290 2441 confecti
331 2397 520 2442 urharii
565 2405 946 2453 concernerent,
1001 2414 1083 2443 eae
1108 2414 1206 2442 non
1248 2398 1307 2441 ad
1338 2397 1476 2443 sedes

87 2476 352 2521 dominales
382 2480 690 2540 relegentur,
726 2496 885 2540 neque
909 2495 1000 2540 per
1025 2476 1252 2522 officiales
1283 2478 1478 2524 comita-

86 2562 246 2601 tenses
287 2557 337 2601 in
375 2558 564 2618 privato
601 2558 921 2613 decidantur,
975 2574 1146 2602 verum
1188 2559 1328 2603 toties
1364 2576 1476 2621 quo-

86 2636 174 2682 ties
199 2636 329 2697 juxta
357 2637 617 2682 articulum
650 2650 724 2686 55.
766 2650 900 2693 Hm),
936 2645 1007 2689 (ct
1048 2638 1310 2701 benignam
1348 2656 1475 2683 reso-

85 2717 320 2763 lutionem
365 2718 549 2781 regiam
599 2718 657 2761 de
705 2728 774 2763 10.
810 2717 1021 2762 octobris
1073 2721 1209 2765 1ῒοῖ.
1244 2718 1471 2763 omnihus

1119 2799 1203 2843 Hk
