1669 3189
0 438 7 753 ἒ

0 764 8 1164 ἑ

0 1165 9 1462 Q

615 184 686 196 ..w
746 161 831 213 415
887 184 958 197 w..

87 270 421 335 impertienda
486 268 692 331 desuper
747 269 1126 328 clementissima
1179 272 1474 321 resolutione

87 369 314 399 caesareo
344 348 482 413 regia
519 357 935 412 repraesentetur.
972 348 1098 395 lbid.
1134 348 1286 410 §.15.

655 477 777 512 ART.
811 475 851 510 V.

76 563 159 606 De
187 558 480 618 principiis
507 557 681 599 relate
703 554 776 597 ad
803 558 1254 614 conscriptionem
1284 566 1335 604 et
1357 577 1473 606 con-

490 621 785 677 scriptores
819 612 1041 679 defixis.

209 746 248 782 1.
274 731 505 795 Deposito
537 747 625 793 per
665 731 1020 776 conscribentes
1064 731 1370 796 juramento,
1404 739 1473 792 in,

69 822 148 859 ter
175 813 498 860 exmittendos
555 812 910 874 conscriptores
947 813 1054 857 loca
1090 814 1159 858 ita
1207 814 1473 878 dispescan.

73 903 186 952 tur,
218 912 281 941 ne
327 909 519 957 quoquo
553 892 702 938 modo
734 894 954 955 obtingat
979 911 1035 939 ex
1067 894 1140 939 his
1167 894 1311 940 alicui
1341 898 1472 943 locus

73 975 214 1031 talis,
249 975 302 1019 in
332 991 424 1038 quo
453 991 537 1019 seu
563 974 779 1029 actuale,
815 990 899 1018 seu
934 975 1143 1019 virtuale
1188 976 1467 1024 dominium

73 1057 251 1113 habet,
289 1063 370 1101 aut
397 1071 511 1118 erga
549 1056 641 1099 loci
680 1055 826 1116 hujus
861 1069 1220 1115 possessorem,
1269 1075 1352 1103 seu
1389 1059 1473 1102 ali..

75 1155 222 1200 quam
254 1137 443 1183 servitii
488 1137 866 1198 obligationem,
918 1152 1002 1180 seu
1053 1135 1471 1195 interessentiam,

75 1234 162 1262 seu
196 1217 530 1280 involventem
558 1215 805 1278 sanguinis
845 1230 1026 1261 nexum
1075 1215 1273 1268 habeat.
1319 1221 1469 1269 Iustu

71 1296 262 1343 comi-ss,
301 1296 352 1340 R.
387 1296 426 1354 ᾗ.
453 1309 494 1344 5.

156 1389 158 1391 ’
199 1388 242 1422 2.
280 1377 334 1418 In
362 1382 598 1435 quantum
628 1374 722 1434 ipsi
749 1373 942 1417 domini
978 1380 1231 1420 terrestres
1258 1377 1318 1420 ad
1341 1384 1471 1424 actus

52 1453 439 1515 ‘conscriptionis
469 1471 569 1498 non
595 1460 970 1515 comparerent,
1006 1455 1332 1508 mandatarios
1359 1475 1469 1503 suos

71 1536 252 1581 idcirco
281 1534 482 1596 praevie
517 1533 680 1578 debite
725 1533 975 1578 instruere
1017 1536 1245 1591 valeant,
1293 1537 1470 1584 instru-

75 1615 169 1660 ctio
208 1631 299 1676 pro
344 1614 763 1676 conscriptoribus
815 1622 862 1658 et
909 1616 1264 1677 exequentibus
1314 1618 1475 1663 deser-

74 1696 207 1742 viens
233 1695 428 1756 publice
483 1710 650 1739 coram
698 1693 1017 1739 universitate
1056 1696 1346 1759 perlegatur
1384 1716 1473 1762 per

73 1785 354 1830 extensum,
392 1773 786 1818 desiderantibus
815 1772 865 1818 in
888 1781 1000 1835 typo
1032 1777 1319 1838 ceteroquin
1342 1794 1476 1824 man-

76 1855 196 1901 datis
241 1853 596 1915 exemplaribus
627 1869 720 1913 pro
775 1853 1133 1900 acceleratione
1178 1857 1474 1919 operationis

84 1934 395 1980 extradanda.
434 1932 555 1976 Ibid.
590 1938 626 1983 ᾖ.
660 1938 707 1979 s}-

208 2026 250 2062 5,
273 2016 342 2058 Ne
369 2030 462 2075 quo
492 2019 632 2074 pacto
659 2012 792 2055 locus
822 2011 996 2073 aliquis
1022 2028 1080 2057 ex
1110 2015 1474 2066 classificatione

79 2102 327 2150 emme—at,
371 2093 593 2138 universa
630 2091 774 2136 totius
805 2093 1058 2138 comitatus
1096 2095 1204 2142 loca
1231 2116 1342 2144 cum
1390 2107 1479 2145 110ss

78 2168 345 2229 minativa,
382 2189 502 2216 num
546 2173 626 2216 hic
665 2172 742 2215 vel
783 2173 864 2216 ille
903 2173 1040 2217 loeus
1087 2179 1356 2235 possessio,
1393 2188 1474 2224 aut

11 2265 14 2317 ᾗ
74 2255 315 2317 oppidum
340 2254 430 2310 sit,
469 2251 830 2314 specificatione
852 2284 865 2308 ,
904 2253 1056 2314 qualis
1081 2254 1132 2297 in
1158 2255 1248 2299 hoc
1273 2259 1349 2301 vel
1383 2259 1471 2304 illo

14 2711 18 2764 i

15 2786 18 2822 z

78 2336 182 2380 loco
209 2336 374 2397 lingua
399 2351 424 2378 a
458 2335 640 2396 potiori
671 2334 720 2377 in
747 2351 832 2378 usu
859 2333 1133 2378 habeatur?
1177 2352 1229 2379 ac
1255 2339 1475 2386 nomine.

80 2420 218 2459 tenus
253 2430 343 2475 per
370 2429 513 2475 quem
535 2447 547 2468 ‚
610 2414 687 2459 vel
716 2415 811 2474 pr0¹
848 2429 961 2457 casu
999 2414 1218 2474 plurium
1256 2435 1476 2481 compos-

84 2508 325 2538 sessorum
354 2509 445 2554 per
477 2510 591 2554 quos
614 2499 867 2537 terrestres
891 2493 1114 2537 dominos
1138 2497 1442 2555 possideatur
1460 2535 1473 2557 ,

85 2581 132 2618 et
155 2573 242 2618 sub
271 2581 479 2635 quorum
508 2591 559 2618 ac
593 2575 814 2636 qualium
839 2574 1160 2619 dominalium
1191 2577 1476 2628 officialium

85 2652 390 2715 inspectione
406 2654 613 2698 existat?
642 2654 921 2698 connotatio
957 2656 1357 2718 adpromptanda‚
1406 2681 1479 2708 co.

0 2766 17 2782 ,,
65 2733 414 2797 'missarioque
453 2732 725 2779 exhibenda
763 2741 863 2790 est,
912 2736 1280 2784 connotationes
1314 2750 1478 2791 autem
