1669 3189
583 185 928 241 ..u-437...m

64 294 361 360 positionem
384 293 557 340 iisdem
579 295 848 356 explicetur
872 328 886 352 ,
921 307 1122 340 necnon
1148 308 1308 355 poena
1323 309 1464 338 men-

72 375 198 420 dacii
224 375 434 437 positivi.
476 391 517 435 7.
555 372 692 434 cujus
733 390 865 419 casus
891 373 1175 419 comissario
1205 373 1342 435 regio
1374 373 1463 416 cir-

65 455 472 500 cumstantialiter
498 454 790 499 referendus
817 461 900 499 est.
936 481 1001 487 —
1037 462 1073 507 §.
1102 467 1142 503 3.
1174 453 1236 498 ad
1271 454 1464 500 1.Prae-

64 537 318 581 existentia
349 535 548 581 urharia
570 534 872 595 excipiantur
905 551 1016 579 cum
1055 535 1362 596 expressione
1390 552 1468 580 ro-

62 619 310 665 bottarum
345 623 393 661 et
431 614 834 676 praestationum.
870 615 940 658 Ad
981 626 1024 661 2.
1063 617 1140 659 vel
1185 623 1461 661 contractus

64 701 240 753 etiam,
276 703 355 741 aut
394 696 737 742 conventiones
767 694 805 740 si
843 695 1079 740 adessent.
1115 697 1183 740 Ad
1227 708 1271 744 5.
1309 703 1364 741 ut
1400 696 1468 756 ja.

66 786 154 823 cet.
188 777 258 821 Ad
285 786 329 830 4.
355 777 514 838 quoad
558 775 802 822 beneficia
846 782 897 819 et
946 775 1187 821 maleficia
1220 776 1463 822 locorum.

63 860 132 903 Ad
162 869 202 905 5.
233 857 391 919 quoad
432 856 504 902 bis
543 856 911 902 falcabilitatem
957 864 1243 918 pratorum,
1304 858 1464 919 quoad

61 935 367 982 fertilitatem
414 944 462 981 et
493 936 812 982 stabilitatem
875 944 1124 982 terrarum
1191 939 1461 983 arabilium

69 1027 120 1065 et
149 1017 456 1080 defigendam
487 1016 775 1080 jugerorum
798 1032 1101 1063 mensuram.
1135 1017 1204 1061 Ad
1227 1023 1269 1066 6.
1290 1020 1348 1064 de
1368 1036 1470 1064 ara-

70 1106 182 1144 tura
216 1106 422 1161 quatuor
446 1096 694 1161 jugalibus
734 1123 799 1130 ——
840 1097 1010 1142 ceteris
1051 1098 1300 1144 laboribus
1341 1098 1469 1157 biju-

65 1197 126 1242 go
148 1177 465 1241 praestandis.
513 1178 583 1221 Ad
634 1190 674 1225 7.
717 1179 877 1239 quoad
902 1178 1256 1239 praestationes
1307 1177 1464 1223 omnis

68 1260 265 1323 generis
291 1259 342 1302 in
362 1259 525 1301 locum
562 1273 719 1302 nonae
757 1258 992 1319 depensas
1011 1291 1024 1313 9
1061 1266 1284 1302 accurate
1313 1258 1472 1319 expri-

68 1340 274 1384 mendas
302 1371 315 1393 9
350 1355 437 1382 nec
470 1354 592 1391 non,
633 1355 694 1380 an
722 1337 912 1381 decima
945 1338 1089 1382 titulo
1131 1339 1252 1383 cleri
1293 1339 1346 1382 in
1382 1353 1473 1382 usu

68 1418 255 1464 fuerit?
289 1416 359 1460 Ad
383 1426 425 1464 8.
459 1415 948 1460 circumstantialiter
975 1418 1368 1465 examinandum.
1404 1417 1474 1461 Ad

71 1511 115 1556 9.
140 1507 192 1543 ut
215 1497 340 1560 jacet
373 1495 743 1557 (intelliguntur
772 1512 951 1540 novem
979 1506 1160 1557 puncta
1199 1499 1472 1559 interroga-

71 1580 198 1625 toria
227 1596 330 1641 cap.
355 1578 413 1623 II.
440 1584 527 1622 art.
556 1583 624 1625 2.)
659 1602 724 1609 -
751 1574 790 1635 §.
818 1582 863 1624 4.
894 1577 1160 1622 Occasione
1191 1577 1337 1636 hujus
1370 1593 1474 1621 exa-

72 1659 219 1704 minis
249 1674 477 1720 praesens
503 1654 563 1701 sit
588 1656 693 1717 ipse
713 1654 939 1700 dominus
968 1657 1242 1713 terrestris,
1270 1657 1348 1700 vel
1371 1654 1473 1714 ejus

75 1738 326 1793 officialis,
358 1737 655 1797 libertasque
685 1736 805 1780 adsit
831 1734 1012 1780 colonis
1035 1736 1089 1780 in
1124 1737 1220 1781 suis
1254 1736 1476 1781 fassioni-

74 1821 176 1865 bus.
215 1844 281 1851 --
318 1816 356 1876 §
395 1828 438 1864 5,
463 1816 510 1861 Si
532 1817 697 1878 plures
721 1816 772 1859 in
799 1833 896 1860 uno
921 1816 1028 1860 loco
1068 1817 1281 1863 actuales
1318 1815 1476 1859 domi-

74 1900 126 1946 ni
151 1904 403 1941 terrestres
441 1896 562 1950 sint,
605 1895 764 1956 quoad
795 1895 1043 1957 singulum
1079 1897 1386 1952 eorundem,
1410 1919 1475 1926 --

75 1978 381 2040 exprimatur
409 1974 666 2021 diversitas
703 1975 1011 2018 tractamenti
1038 1975 1314 2021 urbarialis.
1339 1974 1475 2017 ——In

79 2064 279 2120 operato
306 2056 422 2111 hoc,
459 2061 675 2116 spectato
706 2053 810 2115 ejus
840 2063 1125 2112 momento,
1161 2055 1320 2102 omnis
1354 2070 1478 2116 pun-

84 2137 300 2183 ctualitas
337 2134 627 2182 adhihenda.

259 2260 499 2306 CAPUT
545 2259 601 2304 ΙΙ.
640 2260 726 2303 De
763 2259 1282 2320 conscriptione.

215 2372 256 2432 §.
295 2384 333 2419 1.
359 2374 466 2416 Post
495 2389 698 2417 examen
724 2374 816 2417 hoc
843 2373 897 2416 fit
926 2369 1221 2432 conscriptio
1260 2368 1371 2415 loci.
1408 2392 1474 2404 —-·

85 2461 125 2507 ξ).
161 2465 204 2501 2.
230 2451 415 2515 Oppidi
438 2455 515 2498 vel
541 2453 852 2515 possessionis
897 2452 1030 2512 juxta
1063 2453 1124 2496 D.
1152 2459 1197 2495 et
1219 2467 1323 2495 nro.
1354 2455 1476 2497 4.--

86 2533 129 2593 §.
158 2545 199 2581 5.
234 2533 289 2577 In
313 2532 669 2594 conscriptione
709 2540 971 2577 occurrunt
1010 2545 1047 2578 1.
1093 2531 1258 2575 coloni
1301 2547 1476 2593 perpe-

88 2613 177 2661 tui.
225 2625 269 2661 2.
298 2613 482 2658 liberae
545 2615 871 2677 migrationis.
929 2626 974 2662 3.
1023 2612 1254 2675 Inquilini
1306 2613 1473 2656 domos

86 2697 317 2742 habentes
344 2694 582 2758 perpetui.
621 2701 664 2743 4.
706 2694 1037 2756 Subinquilini
1083 2695 1185 2739 sine
1232 2693 1476 2740 domibus.

91 2776 147 2821 In
177 2776 452 2838 quaestione
478 2776 629 2821 relate
668 2775 729 2820 ad
762 2773 1130 2837 perpetuitatis,
1194 2781 1242 2822 et
1285 2774 1473 2820 liberae
