1669 3189
540 189 610 201 m
668 168 761 217 425
820 186 927 230 m·-

45 279 113 325 vis
141 276 256 322 soris
283 276 383 337 jam
412 277 698 338 pertractati
734 270 1129 335 transpositione,
1168 269 1246 315 via
1267 273 1432 333 proin-

24 340 106 402 Vde
138 355 391 411 breviori,
429 373 550 418 quae
589 356 936 418 deputatorum
961 353 1298 399 exmissionem
1325 375 1432 419 sup<

42 438 165 499 plet,
191 443 238 482 et
270 452 464 497 semper
492 437 724 492 eundem,
745 434 828 496 qui
850 433 1146 488 intenditur,
1167 433 1428 481 instantiae

45 517 228 579 quippe
267 515 500 560 altissimo
540 517 646 559 loco
695 513 1011 558 exhibitionis
1061 531 1289 576 scopum,
1332 518 1430 562 fine

41 600 191 644 etiam
253 595 584 658 parsimoniae
639 601 922 655 sumptuum
956 628 971 650 ,
1019 596 1298 657 gravamina
1347 613 1433 643 sua

42 675 408 722 communicare
453 675 631 730 sciant,
672 689 783 717 suae
808 674 1052 735 lVIajestati
1085 677 1430 723 sacratissimae

40 772 132 819 per
149 757 363 800 eundem
380 762 606 818 agentem
622 752 853 798 inomisse
868 771 958 814 pro
987 754 1289 801 strictissima
1315 758 1434 802 obli-

37 835 230 899 gatione
255 843 302 880 et
338 850 541 879 muner-e
573 851 656 878 suo
689 850 747 878 ex
781 834 968 892 officio,
1007 836 1225 898 adeoque
1283 838 1432 900 gratis

41 914 417 961 substernenda:
456 914 669 976 denique

172 1013 213 1041 e.
257 995 403 1059 Quod
443 994 645 1047 etiamsi,
680 995 898 1057 deputati
938 1012 1048 1041 eum
1086 997 1316 1058 gravibus
1354 1015 1429 1065 eic-

40 1075 204 1139 pensis
250 1077 489 1121 Viennam
533 1073 849 1120 advenientes
892 1091 1118 1121 recursus
1154 1094 1261 1122 suos
1303 1080 1434 1123 exhi-

39 1156 214 1211 beant,
248 1155 402 1199 iidem
435 1154 487 1198 in
513 1155 704 1200 nullum
741 1171 906 1200 casum
933 1172 957 1201 e
979 1154 1181 1218 vestigio
1212 1159 1435 1219 neglecta

40 1235 140 1297 jam
190 1236 342 1279 semel
385 1235 539 1280 defixa
574 1235 678 1292 via,
728 1236 963 1280 altissimo
1004 1237 1114 1280 loco
1151 1236 1203 1281 in
1238 1240 1435 1285 merito.

41 1315 168 1359 riam
218 1315 517 1360 decisionem
551 1316 729 1361 summi
763 1316 978 1378 possint,
1017 1333 1126 1361 cum
1153 1318 1269 1363 haec
1301 1323 1435 1366 audi-

42 1396 102 1439 tis
129 1394 403 1450 audiendis,
441 1396 574 1455 juxta
599 1397 928 1457 processualia
959 1397 1251 1445 documenta
1282 1403 1436 1448 etiam

41 1477 206 1521 locum
246 1475 505 1532 obtineat,
563 1477 783 1538 adeoque
821 1477 1043 1539 deputati
1088 1478 1272 1533 iidem,
1318 1483 1438 1528 citra

42 1563 95 1601 ut
135 1571 245 1599 rem
285 1555 628 1600 terminassent
655 1589 668 1611 ,
718 1565 830 1618 post
863 1557 1136 1601 exhibitum
1185 1575 1438 1604 recursum

42 1637 246 1680 domum
273 1633 454 1691 redire,
490 1643 536 1680 et
561 1634 631 1678 ihi
657 1636 881 1697 primum
911 1636 1267 1682 resolutionem
1298 1656 1439 1700 prae-

43 1715 212 1760 stolari
248 1716 467 1759 debeant.

177 1806 218 1842 7.
254 1795 323 1837 Ex
342 1793 566 1854 pluribus
597 1793 648 1838 in
673 1795 870 1857 objecto
889 1795 1126 1840 urhariali
1151 1813 1261 1841 suae
1287 1796 1440 1858 Nlaje-

47 1865 157 1920 stati
184 1873 409 1918 exhibitis
435 1874 714 1918 recursibus
762 1877 1018 1921 observato
1051 1893 1139 1934 eo,
1175 1878 1306 1938 quod
1329 1895 1441 1940 que-

47 1953 292 1999 rimoniae
328 1952 579 1997 interdum
619 1953 766 1998 etiam
827 1955 968 2011 tales,
1006 1972 1126 2016 quae
1172 1956 1272 2018 jam
1301 1977 1441 2021 prae-

0 2027 5 2030 *
49 2036 261 2080 cedanee
303 2051 392 2095 per
422 2034 677 2079 altissimas
704 2050 896 2096 quoque
933 2036 1259 2084 resolutiones
1286 2042 1441 2103 regias

51 2122 335 2178 superatae,
387 2122 434 2160 et
476 2115 552 2160 via
589 2117 896 2161 concenentis
936 2118 1196 2165 comitatus
1230 2122 1442 2167 finaliter

49 2197 341 2242 terminatae
387 2202 540 2252 sunt,
585 2203 926 2257 proponantur
959 2231 973 2254 ,
1023 2199 1208 2261 hacque
1249 2201 1441 2248 ratione

55 2276 366 2323 contribuens
410 2277 549 2337 plebs
592 2276 817 2322 inanibus
863 2278 1282 2338 cursitationibus,
1316 2283 1443 2328 labo-

53 2377 128 2404 res
181 2374 288 2402 suos
327 2356 515 2400 rurales
550 2357 870 2419 negligendo,
911 2367 957 2403 et
988 2376 1216 2422 expensas
1242 2362 1442 2411 inutiles

1 2448 4 2452 '
51 2436 295 2490 faciendo,
329 2435 515 2480 viribus
540 2438 634 2481 suis
664 2445 944 2494 enervetur,
981 2455 1089 2483 cum
1116 2457 1254 2487 causa
1291 2446 1443 2490 omni-

52 2538 137 2565 um
181 2519 362 2561 horum
399 2517 570 2577 procul
603 2515 752 2560 dubio
792 2515 845 2560 in
888 2517 1169 2563 hominibus
1198 2520 1324 2577 illis,
1359 2522 1444 2584 qui

52 2597 327 2662 posthabita
358 2595 554 2640 honesta
579 2611 760 2658 panem
786 2612 926 2639 suum
953 2602 1272 2658 promerendi
1301 2603 1446 2648 ratio-

56 2696 137 2733 ne,
195 2674 422 2737 cupidine
455 2676 597 2730 lucri,
635 2684 680 2719 et
706 2676 1066 2723 contribuentes
1096 2681 1313 2741 pecuniis
1348 2684 1444 2729 suis

57 2756 353 2821 emungendi
376 2755 550 2814 studio,
575 2758 765 2802 colonos
793 2760 1150 2811 communitatis
1176 2761 1447 2826 cujuspiam
