1669 3189
715 143 785 156 ..m
843 120 929 169 640
984 142 1054 153 m„

291 235 492 279 Pascal
511 228 853 295 szff‘cz‘entia
876 228 1117 287 qualiter
1145 227 1492 276 calculanda.

326 347 372 390 ὁ.
409 338 575 384 Pascui
598 336 907 393 sufficientia,
942 338 1001 382 ad
1032 337 1126 381 tria
1159 335 1342 399 jugera,
1381 356 1498 400 quae
1521 340 1581 384 ad

199 437 350 467 unam
400 419 644 482 integram
686 417 946 463 sessionem
998 418 1311 462 colonicalem
1356 419 1582 464 calculari

200 503 381 556 solent,
418 499 548 544 haud
579 497 824 554 restricta,
868 498 1099 543 localibus
1126 496 1387 557 adjunctis,
1433 498 1582 544 etiam

200 580 252 623 in
297 578 488 623 defectu
523 595 613 641 per
669 577 1110 640 exassignationem
1150 576 1300 639 partis
1346 578 1587 639 sylvarum

201 658 552 714 dominalium,
611 659 876 703 observatis
915 659 1073 719 quoad
1107 658 1471 720 regulationem
1503 659 1590 720 syl-
1668 698 1669 706 ,

202 753 377 782 varum
408 737 829 799 dispositionibus,
872 746 939 783 est
963 738 1415 783 commensuranda.
1664 721 1669 731 ,

207 884 392 946 Quoad
429 885 915 942 recaptivationem
943 879 1254 942 fundorum
1297 885 1593 929 industria-

204 949 365 1002 lz'um,
432 955 483 992 et
520 950 1018 1007 extirpatitc'orzzm,
1066 949 1344 994 hortorum
1381 952 1506 993 item
1542 956 1593 993 et

278 1021 634 1073 prunetorum
679 1033 711 1059 a
757 1014 987 1058 subditis
1023 1015 1264 1073 qualiter
1305 1016 1522 1058 instita-

799 1080 1004 1123 endam.

334 1203 375 1239 τ,
410 1193 475 1237 Ut
520 1188 786 1235 fundorum
844 1190 1212 1235 industrialium
1271 1197 1392 1252 (quo
1448 1188 1595 1235 etiam

203 1270 490 1333 extirpatitii
513 1270 651 1315 fundi
677 1269 950 1321 referendi)
969 1270 1372 1332 recaptivationes
1392 1286 1481 1332 per
1519 1270 1600 1314 do·
1664 1279 1669 1311 1

203 1352 356 1397 minia
371 1352 670 1397 terrestralia
698 1368 792 1396 non
807 1366 960 1407 secus,
989 1367 1137 1413 quam
1152 1351 1228 1396 via
1243 1359 1289 1395 et
1304 1350 1463 1396 forma
1485 1349 1596 1412 lege

203 1440 251 1477 et
275 1433 487 1495 benigno
525 1431 725 1477 urhario
746 1430 1062 1492 praescripta,
1090 1446 1238 1491 penes
1267 1429 1595 1475 assistentiam

203 1514 308 1558 fisci
334 1513 706 1574 magistratualis
735 1512 786 1555 in
814 1513 926 1557 sede
948 1511 1196 1566 (luminali,
1230 1510 1345 1554 dein
1371 1511 1429 1554 ad
1453 1509 1601 1553 sedri-

211 1608 290 1635 am
322 1591 606 1646 comitatus,
669 1597 717 1634 et
757 1590 968 1635 Consilio
1004 1606 1193 1651 quoque
1231 1589 1370 1652 regio
1397 1590 1594 1633 locumt.

210 1669 499 1714 referendae
532 1668 873 1722 instituantur,
920 1668 1106 1712 illudue
1133 1683 1226 1727 pro
1251 1668 1421 1729 regula
1444 1659 1604 1712 obserss

209 1757 376 1803 vetur,
422 1748 553 1809 quod
577 1746 715 1790 fundi
740 1745 1053 1790 industriales
1081 1735 1346 1807 praemissa
1369 1747 1605 1808 praescri-
1664 1795 1669 1800 ,

207 1835 291 1889 pta
312 1826 620 1882 ‘reluitione,
677 1824 728 1870 in
771 1825 1246 1888 redintegrationem
1297 1826 1604 1873 constitutivi

208 1915 322 1952 tunc
357 1907 526 1951 saltem
561 1904 777 1951 converti
805 1906 1021 1962 valeant,
1055 1905 1139 1950 ubi
1166 1921 1193 1949 a
1214 1905 1374 1951 fundis
1398 1906 1601 1952 antehac

211 1985 273 2028 ad
295 1973 571 2029 'urbm-iales
605 1984 838 2030 sessiones
863 1985 1220 2046 pertinentibus
1244 1992 1375 2031 tanta
1395 2003 1492 2031 non
1526 1985 1606 2030 ad-

211 2066 306 2109 erit
331 2065 669 2121 remanentia,
711 2072 766 2109 ut
789 2064 909 2111 haec
933 2081 1024 2127 pro
1064 2065 1336 2126 supplendo
1379 2067 1606 2112 constitu-

209 2145 298 2191 tivi
331 2145 519 2191 defectu
546 2146 793 2192 deservire
828 2153 875 2191 et
905 2145 1132 2192 sufficere
1160 2146 1336 2208 possit,
1372 2162 1429 2191 eo
1456 2146 1605 2191 etiam

215 2226 375 2288 quoad
426 2227 588 2272 hortos
639 2234 686 2272 et
726 2233 938 2289 pruneta
983 2242 1074 2288 per
1100 2241 1251 2271 ‘suam
1294 2223 1607 2286 Majestatem

217 2305 590 2352 sacratissimam
603 2307 867 2353 clementer.
882 2307 1140 2362 declarato,
1157 2311 1353 2368 gratum
1369 2305 1472 2350 fore
1491 2321 1608 2350 suae
1664 2324 1669 2342 *-

222 2385 486 2446 Majestati,
523 2386 562 2430 si
597 2385 777 2430 subditi
817 2386 867 2430 in
891 2385 1189 2448 possessorio
1220 2385 1508 2441 hortorum,
1557 2389 1604 2429 et

215 2465 532 2524 peculiariter
570 2471 896 2525 prunetorum
936 2480 1026 2526 per
1068 2463 1338 2525 respectiva
1387 2462 1606 2509 dominia

218 2547 518 2591 terrestralia
545 2545 954 2607 relinquerentur.
1037 2547 1155 2591 Casu
1200 2552 1364 2590 autem
1401 2543 1452 2589 in
1496 2560 1607 2588 con-

221 2625 405 2676 trario,
443 2626 481 2669 si
509 2642 685 2687 nempe
712 2625 983 2671 dominium
1011 2627 1293 2671 terrestrale
1318 2626 1464 2670 talem
1496 2622 1608 2666 hor-

223 2709 328 2749 tum
359 2708 800 2753 extrasessionalem
821 2707 881 2753 ad
907 2723 956 2754 se
984 2707 1273 2770 pertrahere
1303 2707 1462 2760 vellet,
1498 2719 1607 2749 eam
