1669 3189
702 185 767 199 a„
822 165 909 218 578
965 186 1033 198 w..

310 272 348 333 ᾗ.
398 285 439 320 2.
490 269 694 317 'Nouatio
749 270 1094 333 agnellorum,
1153 271 1482 331 haedorum,
1517 280 1566 321 et
1632 261 1651 304 ³⁴*

178 368 326 414 apum
357 369 411 397 ex
436 348 738 411 praescripto
763 357 852 395 art,
875 354 951 406 96.
983 354 1119 399 1647.
1145 351 1275 397 ultra
1308 336 1482 402 festum
1503 347 1565 403 S.

174 432 367 477 „Ioannis
421 429 666 490 Baptistae
702 447 801 475 non
838 429 1120 489 differatur,
1168 423 1369 494 frugum
1401 445 1565 482 autem
1628 463 1633 467 ·

178 528 302 557 nona
353 526 501 570 usque
547 509 721 555 festum
754 511 795 556 S.
821 510 1068 573 Stephani,
1108 511 1203 557 nisi
1248 513 1564 576 intemperies

177 590 303 634 aeris
320 589 492 645 obstet,
517 591 869 647 desummatur,
886 592 1013 653 quod
1033 591 1072 636 si
1097 608 1214 636 vero
1243 574 1336 636 ime
1374 611 1429 639 ex
1454 595 1570 641 inci·
1630 609 1640 619 ³

174 668 338 725 denti,
388 678 470 714 aut
503 678 707 733 propter
758 671 1047 716 immaturas
1087 671 1251 736 fruges
1296 673 1463 719 messis
1509 675 1571 719 ad
1630 703 1639 714 =

173 757 527 812 'praeattactum
564 753 832 798 terminum
868 753 1041 816 peragi
1083 752 1348 815 nequiret,
1394 754 1480 799 tali
1523 755 1576 800 in

175 850 284 878 casu
319 834 571 878 comitatus
614 841 805 894 tempus
850 834 981 879 intra
1006 836 1136 897 quod
1173 848 1330 891 non'a,
1367 841 1415 879 et
1449 834 1575 879 deci-

179 913 635 968 madesummatur,
672 912 888 968 definiet,
925 921 972 957 et
999 913 1092 958 nisi
1127 914 1258 959 intra
1293 913 1343 958 id
1380 920 1574 976 tempus

176 1002 337 1040 exacta
374 993 556 1049 suerit,
609 991 806 1036 subdito
832 991 999 1055 fruges
1028 1009 1134 1039 suas
1162 1009 1290 1039 nona
1310 992 1361 1037 in
1392 1009 1563 1054 campo

178 1074 346 1119 relicta
385 1074 624 1120 abvehere
660 1072 874 1118 liberum
902 1072 1011 1119 erit.

310 1155 348 1214 §.
387 1167 431 1203 5.
469 1157 503 1199 Α
527 1161 687 1198 terrae
715 1154 970 1200 nascentiis
987 1155 1037 1200 in
1063 1155 1208 1218 agris,
1235 1156 1447 1200 alterave
1474 1153 1578 1200 vice

175 1234 349 1278 eodem
394 1252 521 1279 anno
558 1235 861 1280 inseminatis
896 1268 909 1292 ,
969 1243 1016 1279 et
1056 1236 1208 1280 semel
1258 1233 1357 1295 jam
1394 1249 1572 1278 nonam

179 1315 590 1376 dependentibus,
616 1316 887 1378 procreatis
904 1348 918 1372 ,
954 1315 1162 1378 amplius
1188 1331 1278 1361 nec
1305 1330 1452 1371 nona,
1487 1328 1578 1359 nee

173 1396 364 1440 decima
389 1402 675 1457 praestatur,
710 1404 858 1458 prout
892 1403 939 1441 et
964 1395 1023 1441 ab
1057 1396 1185 1458 agris
1219 1396 1271 1441 in
1297 1409 1579 1456 compensa-

174 1475 361 1520 tionem
401 1475 617 1520 defectus
655 1483 914 1538 pratorum
940 1508 953 1532 ,
992 1484 1073 1521 aut
1101 1475 1239 1521 fundi
1275 1471 1579 1521 intravillani

178 1556 347 1599 colono
387 1556 638 1617 assignatis
671 1571 796 1600 nona
827 1554 1067 1615 exigenda
1096 1571 1195 1599 non
1230 1561 1317 1603 est,

305 1633 345 1692 §.
390 1640 432 1681 4.
481 1635 618 1679 Nona
660 1649 717 1677 ex
766 1633 945 1677 canabe
984 1664 997 1687 ,
1063 1639 1110 1677 et
1135 1632 1236 1676 lino
1268 1638 1576 1694 praestetur,
1643 1687 1644 1690 Ἴ

179 1720 260 1759 aut
306 1718 349 1761 Ο.
398 1713 554 1757 librae
594 1713 818 1756 filaturae
855 1727 947 1771 per
991 1710 1133 1754 unius
1156 1711 1379 1772 integrae
1412 1712 1598 1769 sessio-⁷
1642 1702 1644 1748 ἕ

182 1793 255 1839 nis
288 1793 531 1848 colonum,
560 1799 606 1835 et
642 1806 667 1834 a
694 1790 1013 1853 proportione
1038 1789 1185 1834 etiam
1209 1805 1300 1852 per
1333 1791 1453 1856 1s2,
1492 1793 1578 1857 ¹s4
1642 1790 1643 1836 ζ

179 1880 226 1918 et
249 1874 336 1937 1s8
359 1872 584 1917 sessidnis
602 1872 802 1917 colonos
826 1870 1023 1917 domino
1058 1870 1280 1917 terrestri
1302 1887 1358 1916 ex
1382 1871 1580 1917 materi-
1642 1872 1643 1876 ’

180 1952 242 1998 ali
270 1950 475 1997 dominii
503 1958 794 1997 statuantur.

313 2035 452 2078 Nona
481 2049 538 2077 ex
566 2033 845 2089 canabihus,
878 2038 976 2077 tarn
993 2029 1358 2092 primitialibus,
1377 2047 1461 2077 seu
1479 2048 1579 2078 ma-

181 2117 331 2162 ternis
375 2116 440 2160 sic
480 2115 645 2171 dictis,
681 2130 826 2176 quam
854 2121 900 2159 et
932 2113 1173 2175 posterius
1216 2113 1359 2159 evelli
1400 2113 1577 2170 solitis,

182 2214 236 2242 ac
265 2181 467 2242 nomine
503 2194 787 2256 spuriorum
813 2193 1150 2248 venientibus,
1198 2193 1334 2237 velut
1369 2198 1579 2255 utraque

180 2286 345 2323 terrae
374 2274 637 2333 nascentia,
673 2274 861 2321 incluso
887 2274 1036 2319 etiam
1062 2272 1248 2320 semine
1274 2274 1362 2319 sub
1392 2287 1577 2318 nonam

185 2360 385 2404 cadente
432 2362 723 2418 praestetur.

315 2439 369 2482 In
421 2437 538 2482 locis
576 2436 676 2480 illis
698 2469 711 2491 ,
745 2436 829 2480 uhi
873 2451 999 2480 nona
1027 2435 1076 2478 in
1101 2441 1276 2478 natura
1301 2433 1468 2478 locum
1495 2432 1578 2476 ha·

184 2517 289 2572 bet,
328 2519 366 2563 si
398 2517 625 2563 dominus
654 2516 899 2561 terrestris
940 2515 1208 2560 secundum
1245 2513 1454 2559 delatam
1486 2507 1579 2556 sihi

183 2598 467 2658 optionem,
516 2615 574 2643 an
620 2598 848 2644 videlicet
883 2613 940 2641 ex
968 2597 1146 2641 canabe
1178 2602 1224 2641 et
1259 2594 1361 2640 lino
1394 2607 1575 2638 nonam

183 2676 237 2719 in
277 2682 475 2734 natura,
519 2679 594 2723 vel
624 2694 738 2723 vero
773 2678 876 2722 loco
908 2675 1053 2739 hujus
1094 2676 1345 2721 filaturam
1368 2671 1575 2734 praeeli-

184 2770 300 2818 gere
343 2755 513 2799 velit?
548 2773 729 2803 nonam
773 2756 1129 2820 praeelegerit,
1183 2753 1340 2800 eidem
1376 2757 1579 2816 praeter
1634 2761 1635 2780 ³
