1669 3189
720 173 790 186 m·
848 151 933 201 634
993 172 1059 189 ι...

208 266 405 311 alterius
438 276 585 309 onera
620 259 749 305 serre
787 264 1012 314 tenetur,
1044 249 1110 302 ita
1142 271 1263 302 unus
1288 272 1378 318 pro
1418 256 1512 301 alio
1541 256 1592 299 in

207 346 457 391 laboribus
481 340 771 386 detinendus
805 354 903 385 non
936 345 1020 383 est.

405 473 754 520 Conlinzzatio
798 470 991 515 obtata
1021 486 1081 515 ro
1093 470 1380 513 bottarnm,
1562 529 1570 548 t

339 578 409 615 13.
446 564 614 612 Coloni
649 580 740 626 per
768 563 1025 618 officiales,
1070 560 1357 615 servitores,
1401 564 1448 603 et
1478 574 1593 620 pan-

200 647 416 691 durones
473 645 739 690 dominales
775 660 873 690 non
912 643 1248 697 vexabuntur,
1284 640 1343 685 ad
1388 639 1596 685 custodi-

200 742 280 770 am
329 731 376 769 et
421 726 785 786 pascuationem
833 739 1070 784 pecorum
1123 718 1445 767 dominalium
1492 734 1589 763 non

203 804 475 867 adigentur,
498 804 858 848 intertentione
884 803 1035 847 etiam
1056 801 1393 847 venaticorum
1419 815 1593 845 canum

205 901 304 929 non
332 882 694 946 gravabuntur,
726 899 884 944 neque
920 883 983 926 ad
1005 884 1222 927 robottas
1250 881 1434 926 tardius
1468 898 1595 926 com-

200 970 430 1026 parentes
469 964 677 1026 pecunia
711 962 1104 1018 mulctabuntur,
1137 962 1301 1007 sedin
1327 977 1460 1017 casu,
1496 979 1592 1023 quo

203 1062 263 1090 ex
302 1043 602 1107 negligentia
628 1043 811 1089 tardius
836 1043 1062 1088 venirent
1086 1075 1105 1104 ,Ι
1134 1042 1393 1088 moderata
1420 1042 1595 1086 nonni-

203 1125 242 1170 si
263 1157 277 1180 ‚
311 1139 466 1186 eoque
505 1139 562 1166 ex
593 1122 807 1178 duobus,
845 1133 888 1170 3.
929 1128 1013 1167 aut
1036 1122 1096 1167 ad
1136 1136 1386 1166 summum
1420 1126 1465 1168 4.
1490 1119 1596 1164 icti.

203 1204 291 1248 bus
321 1209 568 1249 constante
593 1201 912 1265 castigatione
939 1201 1212 1264 punientur
1229 1234 1244 1258 ‚
1279 1208 1326 1247 et
1356 1200 1418 1247 ad
1440 1200 1596 1246 desec-

202 1288 311 1328 tum
339 1281 667 1345 supplendum
696 1281 1065 1345 obligabuntur.

198 1410 654 1460 *Administranda
677 1415 885 1460 colonis
893 1412 1132 1475 justitia
1141 1431 1161 1472 ,-
1185 1415 1331 1460 sedes
1360 1412 1595 1458 domina-

654 1480 732 1524 les
759 1477 1133 1524 celebrandae.

338 1592 407 1634 14.
444 1587 647 1632 Domini
677 1593 936 1631 terrestres
968 1587 1149 1632 colonis
1174 1588 1251 1632 vel
1275 1588 1406 1631 intra
1442 1602 1491 1631 se
1515 1586 1588 1630 ve!

202 1682 312 1711 cum
342 1666 582 1711 extraneis
628 1682 788 1710 causas
803 1666 1111 1720 habentibus,
1141 1665 1375 1726 justitiam
1414 1668 1593 1727 absque

200 1744 531 1806 protelatione
564 1742 1001 1800 administrabunt,
1037 1750 1086 1788 et
1124 1743 1163 1787 si
1186 1742 1346 1807 aliqua
1373 1748 1593 1807 partium

195 1824 379 1885 judicio
421 1823 655 1868 dominali
697 1841 794 1869 non
839 1829 1180 1881 contentatur,
1239 1840 1495 1872 recursum
1530 1825 1592 1870 ad
1619 1862 1654 1892 4

199 1904 488 1948 comitatum
524 1902 803 1948 nullatenus
851 1902 1142 1965 impedient.
1180 1903 1227 1950 Si
1260 1920 1412 1968 porro
1445 1923 1592 1970 nego-

198 1984 324 2028 tium
358 1983 560 2044 majoris
597 1985 835 2032 momenti
854 1985 1031 2042 fuerit,
1069 1985 1191 2030 illud
1218 1986 1269 2031 in
1293 1987 1407 2032 sede
1439 1987 1592 2034 domi-

194 2064 295 2110 nali
329 2082 494 2111 coram
527 2066 811 2113 testimonio
856 2067 1113 2112 comitatus
1149 2068 1394 2125 revideri,
1430 2068 1589 2114 decidi

194 2151 242 2188 et
272 2146 575 2208 magistratui
605 2146 910 2192 comitatensi
938 2145 1117 2192 referri
1149 2147 1416 2205 curabunt,
1451 2149 1582 2195 unde

199 2225 334 2272 sedes
374 2227 638 2273 dominales
663 2244 756 2289 pro
791 2227 1038 2290 exigentia
1067 2243 1238 2273 rerum
1266 2228 1318 2273 in
1357 2243 1484 2274 anno
1511 2230 1585 2274 his

196 2305 345 2350 etiam
379 2314 425 2351 et
461 2313 536 2351 ter
567 2308 913 2364 celebrabunt,
948 2308 1016 2352 ita
1043 2307 1272 2370 quidem,
1306 2307 1435 2352 utin
1456 2324 1586 2364 casu,

195 2403 289 2446 quo
337 2404 504 2435 causae
542 2391 602 2435 ad
643 2390 811 2434 sedem
855 2389 1154 2434 dominalem
1198 2388 1503 2450 pertinentes
1533 2389 1586 2434 in

195 2465 411 2513 dominio
453 2470 720 2526 darentur,
759 2475 825 2521 ‘et
855 2469 1043 2514 domini
1072 2474 1331 2513 terrestres
1357 2468 1486 2514 intra
1509 2485 1585 2515 an-

197 2562 321 2590 num
361 2550 477 2595 tales
511 2551 760 2595 celebrare
810 2549 1228 2607 intermitterent,
1275 2539 1582 2612 magistratus

198 2626 519 2673 comitatensis
539 2629 735 2690 praevie
764 2632 955 2675 eosdem
980 2630 1198 2674 dominos
1226 2636 1478 2674 terrestres
1504 2628 1585 2672 de-

197 2722 342 2768 super
389 2708 695 2767 admonebit,
745 2716 792 2755 et
845 2710 930 2757 ubi
974 2709 1025 2755 hi
1064 2726 1158 2758 non
1191 2714 1442 2772 parerent,
1482 2706 1583 2769 ipse
