1669 3189
663 167 1010 210 *556m

146 290 329 338 tamen,
363 298 424 327 ne
459 293 688 325 numerus
717 277 910 322 dierum
938 287 1046 326 208.
1075 294 1231 324 annue
1253 270 1542 342 superetur,x

148 366 276 425 quod
310 360 563 409 urban-ium
596 358 925 421 hungaricum
957 375 1053 403 non
1093 357 1317 404 admittit.
1351 361 1405 404 In
1443 359 1536 421 spi·

147 445 248 488 ritu
271 439 472 502 benigni
503 438 689 483 urbarii
719 455 810 500 pro
848 438 1098 501 Hungaria
1135 437 1365 494 stabiliti,
1403 439 1536 500 prin-

144 525 325 585 cipium
384 518 688 582 ejectationis
727 520 1034 564 robottarum
1072 520 1318 564 radicatur
1362 516 1414 562 in
1465 534 1536 562 ac-

146 602 262 646 tuali
286 607 567 647 tenatorum
603 602 1035 646 extrav-issanorum
1066 597 1387 662 possessori03
1425 614 1538 642 cum

144 691 193 728 et
233 684 334 743 ipsa
375 681 499 726 ratio
543 680 659 744 justi
693 688 738 726 et
780 680 921 743 aequi
952 697 1058 726 eam
1090 679 1231 724 isthic
1258 679 1540 741 proportio7

147 778 262 808 nem
288 763 640 807 observandam
671 762 994 816 commendet,
1021 776 1142 822 quae
1175 760 1303 805 vires
1328 758 1539 804 subdito-

139 857 253 886 rum
296 840 461 886 habita
483 848 629 885 status
656 842 940 902 possessorii
994 840 1260 886 fundorum
1300 840 1528 885 sessiona-

135 923 263 967 lium
311 921 574 967 reflexione
608 953 621 975 ‚
658 920 927 964 nullatenus
960 921 1191 978 excedat3
1228 937 1280 963 ac
1318 918 1530 981 proinde

144 1002 310 1062 dispar
364 999 720 1063 obtingentium
760 1000 1068 1044 robottarum
1117 1000 1328 1044 calculus
1385 1000 1538 1044 relate

141 1081 204 1127 ad
241 1081 493 1142 integrae,
540 1077 764 1134 mediae,
802 1077 1065 1140 quartalis,
1106 1078 1183 1121 vel
1204 1079 1425 1123 octavalis
1453 1094 1542 1123 ses-

140 1161 290 1206 sionis
319 1160 513 1204 colonos
542 1159 743 1221 prodire
771 1158 960 1204 debeat.
995 1156 1348 1202 Reluitionales
1375 1157 1541 1202 robot-

142 1248 307 1285 tarum
353 1245 623 1284 contractus
657 1245 765 1283 sunt
795 1238 843 1282 in
873 1255 964 1283 usu
994 1254 1240 1300 peraeque
1272 1237 1324 1281 in
1353 1237 1544 1299 Hunga-

147 1322 251 1377 ria,
281 1317 574 1382 praesertim
601 1320 651 1364 in
690 1318 746 1364 iis
778 1318 897 1364 loeis
921 1352 935 1376 ,
969 1319 1022 1363 in
1055 1318 1225 1381 quibus
1255 1316 1545 1381 regulationi

146 1400 387 1446 urhariali
422 1401 741 1446 substitutum
766 1408 836 1446 est
865 1407 1242 1444 tractamentum
1277 1391 1570 1447 contractu-⁸

145 1481 218 1529 ale
247 1500 259 1540 3
300 1481 429 1544 quod
453 1480 738 1543 ceteroquin
773 1480 1092 1543 praescriptis
1131 1481 1293 1525 forma
1325 1488 1372 1526 et
1398 1482 1546 1526 modo

141 1562 435 1623 adjustatum
463 1577 658 1621 semper
690 1559 951 1605 altissimae
1002 1559 1238 1604 revisioni
1269 1567 1318 1603 et
1341 1561 1547 1606 ratifica-

138 1642 267 1686 tioni
305 1639 544 1687 substerni
589 1640 757 1695 debet,
798 1641 1087 1702 priusquam
1121 1640 1173 1684 in
1197 1638 1415 1697 ejusdem
1438 1656 1546 1684 con-

140 1722 393 1768 formitate
440 1723 620 1769 subditi
661 1722 998 1766 dominiorum
1032 1719 1394 1764 terrestralium
1426 1727 1545 1772 trac,

146 1804 242 1848 tari
287 1804 506 1865 possint3
542 1803 706 1848 nullus
730 1799 940 1863 proinde
970 1801 1064 1844 hoc
1106 1799 1255 1844 etiam
1281 1798 1368 1844 sub
1405 1801 1544 1844 obtu-

143 1891 199 1931 tu
236 1885 392 1929 relate
431 1884 490 1929 ad
506 1881 718 1937 limites,
753 1881 829 1925 vel
863 1896 1148 1924 mensuram
1184 1878 1543 1942 obligationum

149 1964 490 2011 colonicalium
519 1978 737 2008 excessus
770 1961 1183 2024 praemetuendus
1211 1969 1298 2007 est.

275 2047 473 2090 Praeter
500 2042 620 2088 haec
652 2041 876 2088 austriaci
903 2041 1062 2086 coloni
1081 2049 1191 2086 sunt
1212 2041 1420 2103 subjecti
1442 2058 1541 2087 ser-

141 2125 370 2171 vitutibus
392 2124 594 2169 urbario
625 2122 898 2185 hungarico
924 2137 1122 2184 prorsus
1167 2120 1374 2182 ignotis:

271 2224 323 2251 a.
359 2205 434 2251 Sic
464 2204 593 2249 dicta
620 2201 908 2265 orphanalia
931 2199 1126 2246 servitia
1152 2197 1536 2262 (Quisenbienste)

145 2302 263 2346 quae
296 2301 323 2329 a
360 2284 733 2330 minorennibus
759 2280 956 2344 pupillis
986 2281 1038 2326 in
1076 2281 1431 2344 gratitudinem
1473 2288 1545 2326 tu-

142 2366 306 2409 telaris
330 2381 478 2410 curae
500 2382 592 2427 per
623 2364 834 2426 spatium
860 2362 1008 2406 trium
1039 2377 1281 2406 annorum
1309 2360 1541 2406 dominiis

142 2445 500 2490 terrestralibus
528 2446 708 2507 absque
740 2444 837 2489 ulla
869 2441 1095 2486 mercede
1120 2449 1443 2503 praestantur,
1469 2457 1543 2486 re-

147 2521 352 2569 luitione
394 2526 661 2571 eorundem
702 2524 753 2568 in
793 2530 979 2586 parata,
1004 2523 1164 2567 locum
1190 2539 1283 2568 non
1320 2521 1540 2567 habente.

147 2602 382 2664 Quamvis
415 2606 671 2651 urban-ium
696 2604 839 2650 etiam
871 2602 1197 2666 hungaricum
1223 2602 1436 2648 debitam
1470 2618 1542 2646 re-

146 2680 241 2724 late
282 2682 340 2725 ad
389 2686 597 2745 pupillos
633 2686 1006 2745 eorundemque
1049 2684 1360 2729 substantiam
1394 2680 1541 2726 conti-

140 2769 255 2807 neat
268 2762 863 2824 provisionem—multae
898 2773 1066 2813 tamen
1094 2765 1265 2812 adsunt
1289 2760 1540 2826 {benignae
