1669 3189
754 195 823 207 m...
881 174 964 222 450
1024 194 1093 206 ..Μ

209 282 512 328 deductionis
543 275 869 342 geometricae
907 292 1019 320 cum
1065 278 1424 339 conscriptione
1471 280 1612 325 urba-

210 363 318 407 riali
349 362 563 408 instituta
589 363 843 402 erutorum
891 355 1039 401 habet
1075 363 1331 418 sequentes
1373 360 1608 405 rubricas.

220 458 262 492 1.
293 446 482 489 Nomen
513 437 668 482 coloni
693 444 915 498 tempore
948 437 1136 482 urbarii
1163 436 1429 482 introducti
1454 439 1614 485 viven-

214 527 293 579 tis,
312 531 361 567 ut
378 522 464 565 sub
479 544 541 550 —
558 530 667 565 —2.
688 518 890 580 qualitas
911 518 1129 563 sessionis
1146 519 1195 563 in
1211 519 1386 563 tabella
1401 518 1613 564 urbaria-

212 605 260 648 li.
280 615 319 649 5.
335 602 523 644 Nomen
547 598 700 643 coloni
727 607 837 643 actu
855 598 1073 653 viventis,
1088 605 1141 642 ut
1158 594 1243 642 sub
1255 622 1391 631 —--—-
1407 603 1452 646 4.
1469 614 1608 660 capa-

215 685 326 727 citas
363 688 645 726 tenutorum
680 681 810 742 juxta
856 679 1267 741 conscriptionem
1308 678 1608 724 urbarialem

209 780 255 806 a.
286 760 333 804 in
364 761 488 822 agris
514 776 603 822 per
620 767 932 821 metnposon
968 758 1076 806 b.in
1104 757 1255 818 pratis
1272 757 1611 819 perfalcastra.

205 853 249 889 5.
282 841 525 902 Capacitas
550 846 834 885 tenutorum
868 837 1000 899 juxta
1035 837 1378 883 deductionem
1417 856 1611 908 geome-

205 920 379 963 tricam
416 938 465 965 a.
490 919 540 964 in
570 918 696 980 agris
725 933 814 979 per
842 924 1075 961 metretas
1100 917 1413 978 posonienses
1438 920 1441 925 ’
1475 921 1520 965 b.
1558 919 1608 963 in

205 1000 358 1061 pratis
388 1016 477 1061 per
511 998 745 1043 falcastra.
785 1001 826 1044 6,
853 998 1216 1057 Consequenter
1239 998 1402 1058 prodit
1425 1017 1477 1043 α.
1507 999 1600 1043 de-

202 1081 260 1125 se
280 1088 416 1126 ctus
460 1080 511 1126 in
542 1081 666 1142 agris
697 1095 784 1141 per
829 1084 1063 1122 metretas
1123 1076 1432 1138 posonienses
1461 1105 1526 1111 —
1555 1080 1609 1123 in

201 1160 355 1222 pratis
391 1174 482 1222 per
515 1160 751 1203 falcastra.
791 1160 834 1203 b.
862 1159 1017 1218 Supe
1035 1164 1172 1201 rnat
1191 1172 1217 1198 a
1240 1155 1375 1200 ntia
1401 1157 1454 1201 in
1479 1160 1607 1221 agris

199 1256 290 1300 per
315 1246 546 1283 metretas
570 1238 890 1299 posonienses
918 1236 1048 1280 —-in
1083 1235 1237 1298 pratis
1261 1250 1350 1297 per
1374 1235 1608 1286 falcastra.

190 1343 213 1352 ν
331 1319 495 1364 Solent
527 1319 763 1364 nonnulla
797 1317 1018 1362 dominia
1055 1317 1107 1360 in
1150 1322 1407 1378 conspectu
1442 1334 1610 1380 super-

197 1399 529 1443 natantiarum
560 1398 742 1442 addere
770 1397 1024 1442 rubricam
1062 1397 1382 1457 depensionis
1410 1399 1610 1461 terragii

199 1478 459 1539 quantitati
484 1478 629 1540 hujus
653 1476 1053 1539 supernatantiae
1079 1478 1496 1536 commensurati3
1518 1496 1609 1540 per

201 1558 474 1619 terragium
502 1573 646 1612 vere,
691 1557 741 1600 in
765 1555 940 1617 spiritu
970 1555 1163 1599 articuli
1190 1565 1264 1602 TO.
1290 1557 1608 1604 AndreaelH.

191 1636 306 1679 anni
337 1638 474 1698 1293.
501 1636 633 1685 (vide
668 1635 922 1681 clarissimi
944 1635 1219 1680 Rovaohich
1250 1637 1412 1698 suppl.
1448 1656 1497 1700 p.
1537 1640 1599 1689 Ι)

197 1714 405 1775 intelligi
434 1731 677 1760 canonem
704 1731 787 1760 seu
820 1723 1006 1771 taxam,
1043 1731 1132 1776 per
1176 1713 1411 1760 colonum
1451 1719 1608 1763 domi-

199 1810 266 1838 no
294 1812 377 1838 suo
414 1797 639 1841 terrestri
677 1796 1127 1859 inrecognitionem
1181 1794 1390 1841 dominii
1433 1796 1608 1843 directi

198 1878 438 1936 praestari
468 1885 763 1923 consuetam.

787 1997 908 2034 ΛΒΤ.
966 1998 1028 2032 VI.

202 2078 285 2124 De
328 2080 728 2137 conscriptione
768 2080 1251 2138 extirpatur-arum
1293 2079 1480 2138 oppidi
1514 2081 1602 2125 vel

679 2147 1033 2202 possessionis
1059 2147 1125 2189 N.

330 2251 637 2313 Conscriptio
661 2252 780 2297 haec
813 2251 960 2297 habet
987 2252 1099 2297 istas
1133 2250 1368 2298 rubricas.
1423 2265 1464 2300 1.
1505 2253 1599 2298 No-

197 2334 333 2379 mina
370 2341 417 2378 et
442 2333 752 2395 cognomina.
787 2345 830 2381 2.
864 2335 1053 2378 Terrae
1079 2334 1284 2379 arabiles
1309 2350 1401 2396 per
1422 2341 1600 2381 'metre-

198 2419 268 2456 tas
305 2412 633 2473 posonienses.
671 2424 716 2461 5.
752 2414 819 2458 Ab
836 2413 905 2457 his
930 2414 1236 2475 praestabant
1263 2399 1495 2460 hactenus
1518 2431 1598 2460 an-

197 2508 294 2535 :nue
323 2511 370 2537 α.
399 2494 449 2538 ἰη
478 2501 647 2556 parata
670 2494 881 2556 pecunia
910 2493 1153 2550 florenos,
1187 2511 1311 2540 xros.
1350 2499 1395 2542 b.
1426 2494 1480 2540 in
1513 2510 1589 2539 ro-

198 2570 346 2615 bottis
376 2572 611 2635 jugalibus
641 2601 706 2607 —
727 2574 1071 2619 mannualihus
1110 2575 1213 2620 dies
1244 2578 1304 2622 T.
1343 2593 1384 2623 c.
1424 2575 1476 2621 in
1514 2589 1595 2619 na-

199 2651 438 2695 turalibus
465 2679 528 2686 —
570 2657 630 2700 T.
665 2657 714 2700 d.
765 2656 841 2700 vel
886 2656 1011 2708 aliis.
1060 2662 1102 2705 4.
1143 2656 1210 2701 Ab
1246 2657 1422 2703 iisdem
1463 2670 1594 2699 nunc

198 2740 447 2797 praestant
475 2751 627 2783 annue
652 2737 1049 2785 a—-b—c-d—
1084 2749 1128 2786 5.
1181 2739 1319 2786 Prata
1344 2737 1590 2784 falcastro·
