1669 3189
713 226 779 237 ω
841 205 922 252 348
982 226 1049 239 υ...

173 309 549 371 magistratualis
601 316 769 353 contra
828 309 1137 354 refractarios
1186 311 1553 376 illegaliumque

171 388 449 450 hujusmodi
478 389 776 433 teloniorum
803 388 1132 434 sublationem
1168 408 1264 436 non
1304 379 1559 438 adniitten-

172 476 244 512 tes
287 484 370 513 suo
398 468 543 512 modo
570 475 616 511 et
643 467 818 512 ordine
846 469 1166 530 procedatur,
1205 477 1252 514 et
1279 472 1338 515 de
1363 488 1473 518 casu
1508 472 1559 518 in

169 563 333 591 casum
379 546 585 608 genuina
611 554 809 591 eatenus
846 548 1131 593 informatio
1176 550 1390 595 Consilio
1443 553 1556 597 huic

168 628 306 689 regio
336 627 755 671 locumtenentiali
789 629 1119 673 submittatur.

306 719 346 754 ἵ.
373 708 521 751 Porro
571 724 680 751 cum
714 707 883 770 vigore
935 716 1256 770 praeattactae
1299 711 1556 756 urbarialis

165 786 481 847 regulationis
511 788 817 832 subditorum
847 787 1034 849 optioni
1057 788 1439 849 relinquendum
1470 792 1557 848 sit,

162 881 280 908 num
307 864 358 909 in
403 872 599 911 terreno
631 867 821 911 domini
865 868 965 923 sui,
1010 867 1048 910 si
1103 867 1272 923 adest,
1318 871 1556 914 telonium

164 949 286 994 illud
319 947 367 993 in
394 955 594 1005 natura,
631 949 709 993 vel
730 950 836 993 loco
874 947 1016 1007 hujus
1045 949 1320 994 moderatos
1348 950 1557 1006 labores,

159 1028 223 1071 ad
257 1028 625 1090 reparationem
649 1037 696 1073 et
712 1030 1138 1074 conservationem
1161 1030 1352 1074 viarum
1381 1029 1557 1091 absque

163 1107 495 1169 imputatione
519 1117 773 1171 praestare
807 1109 1023 1166 malint,
1058 1109 1168 1154 ideo
1207 1110 1255 1153 in
1296 1109 1556 1170 posteriori

160 1186 255 1229 hoc
289 1203 396 1231 casu
433 1205 490 1231 ex
524 1195 667 1249 parte
699 1190 953 1232 comitatus
981 1190 1138 1232 omnis
1172 1189 1378 1232 sollicita
1406 1205 1518 1232 cura
1538 1221 1554 1244 2

159 1271 208 1308 et
245 1265 499 1325 vigilantia
523 1282 579 1308 eo
609 1265 889 1308 adhibenda
929 1267 1052 1320 erit,
1098 1282 1159 1310 ne
1211 1266 1305 1308 hoc
1359 1283 1552 1328 repara-

164 1342 307 1387 tionis
338 1359 454 1387 onus
495 1343 662 1387 debito
696 1343 804 1404 plus
831 1344 879 1386 in
907 1344 1117 1388 subditos
1145 1344 1428 1401 derivetur,
1465 1364 1547 1393 ve-

155 1439 270 1467 rum
297 1424 447 1467 etiam
476 1423 527 1467 in
553 1439 693 1484 passu
725 1422 816 1488 hoc
853 1421 978 1482 justa
1006 1424 1234 1468 laborum
1288 1426 1549 1487 proportio

155 1519 248 1564 pro
280 1503 469 1548 ratione
497 1504 724 1548 beneficii
750 1493 809 1546 'ex
835 1503 1150 1547 immunitate
1191 1505 1361 1548 telonii
1401 1505 1554 1566 parti-

158 1582 355 1643 cipandi
390 1584 831 1627 commensuranda
858 1592 1019 1626 exacte
1063 1585 1386 1641 observetur3
1440 1601 1551 1629 cum

153 1661 267 1706 dein
303 1663 509 1706 relatum
554 1661 815 1718 habeatur,
874 1662 927 1706 in
986 1662 1188 1708 diversis
1241 1662 1549 1708 comitatibus

153 1756 387 1804 magnum
413 1743 465 1787 in
493 1759 551 1786 eo
579 1759 771 1804 quoque
794 1741 962 1804 vigere
995 1759 1259 1799 excessum,
1288 1744 1416 1804 quod
1461 1743 1546 1789 uhi

157 1820 310 1883 aliqui
333 1820 673 1884 delinquentes
708 1821 887 1866 subditi
915 1823 975 1866 ad
1008 1839 1221 1868 carceres
1263 1823 1542 1869 comitaten-

152 1917 226 1944 ses
253 1901 578 1957 deducuntur,
616 1902 865 1946 occasione
880 1901 1029 1963 ipsius
1059 1901 1454 1963 incaptivationis
1477 1890 1559 1946 rii-⁷

148 1976 305 2020 mium
332 1979 581 2024 excessivis
613 1980 730 2024 taxis
756 1988 1022 2042 graventur
1048 1988 1095 2025 et
1123 1989 1409 2037 onerentur,
1432 1982 1547 2027 hinc

146 2063 200 2099 ut
248 2058 461 2118 genuina
494 2060 583 2105 hac
630 2061 688 2104 de
737 2076 789 2104 re
828 2060 1108 2105 informatio
1155 2061 1325 2106 haberi
1366 2061 1545 2123 possit,

146 2136 474 2196 praetitulatis
509 2140 920 2185 dominationibus
949 2141 1118 2185 vestris
1146 2141 1275 2185 hisce
1319 2140 1540 2198 comitti,

153 2223 374 2275 quatems
400 2235 546 2279 super
581 2236 664 2276 eo,
704 2220 934 2282 quidnam
963 2220 1192 2266 videlicet
1228 2220 1368 2265 titulo
1403 2229 1539 2266 taxae

149 2295 209 2338 ab
238 2294 479 2356 ejusmodi
513 2298 907 2361 delinquentibus
937 2301 1135 2346 subditis
1182 2301 1542 2358 desummatur,

143 2380 193 2416 et
223 2391 452 2435 quorsum
479 2394 533 2421 ac
564 2378 614 2423 in
653 2381 817 2441 quales
851 2397 963 2425 usus
987 2380 1162 2425 eadem
1200 2389 1306 2426 taxa
1344 2399 1540 2427 conver-

143 2463 304 2512 tatur,
352 2457 676 2503 sufficientem
717 2460 1115 2507 informationem
1181 2463 1381 2509 horsum
1432 2462 1540 2508 sub-

149 2536 347 2580 mittere
380 2553 475 2581 non
503 2538 844 2586 intermittant.

274 2625 315 2664 8.
351 2617 601 2678 Quoniam
641 2622 936 2680 porro'suae
979 2622 1225 2685 Majestati
1276 2622 1536 2669 sacratissi-

139 2709 247 2738 mae
282 2693 604 2753 innotuisset,
660 2699 793 2760 quod
834 2701 895 2745 ob
940 2702 1274 2748 diversitatem
1314 2702 1534 2764 judicum

138 2772 187 2818 in
207 2789 301 2820 uno
329 2774 600 2839 eodemque
621 2777 729 2822 loco
764 2780 950 2844 saepius
981 2797 1068 2828 uec
1097 2783 1262 2845 quanti
1286 2785 1534 2847 portiona-
