1669 3189
595 138 933 189 w-6l43m

59 245 359 293 extraseriali
387 244 518 305 juxta
546 248 804 292 urbarium
833 245 932 308 jam
968 243 1174 301 affectis,
1227 245 1448 306 adeoque

59 329 208 374 etiam
242 327 579 383 hortensibus,
629 335 677 372 et
711 327 813 372 aliis
849 326 1266 389 postsundualibus
1306 326 1448 370 terris

59 410 353 464 seminatae,
411 415 458 451 et
500 416 784 469 procreatae
819 408 1068 453 talismodi
1102 405 1283 469 species
1322 406 1450 451 nulli

59 506 259 552 prorsus
286 488 603 532 decimationi
625 488 823 532 subsint.

184 569 392 614 Decima
448 568 733 630 ceteroquin
791 586 816 611 a
873 568 1047 628 prunis
1106 568 1241 612 nullo
1306 569 1448 613 titulo

59 656 391 711 competente.

528 757 756 800 Decima
797 756 958 799 sicca.

190 865 265 902 11,
303 852 379 895 De
412 849 600 893 decima
634 849 758 893 sicca
800 847 898 907 jam
926 848 1112 893 dictum
1147 848 1199 893 in
1223 847 1449 892 hanatico

53 931 272 977 urbario.
308 929 430 981 (vid.
455 945 563 991 pag.
591 937 727 979 235.)

55 1063 399 1122 Explanatz'o
444 1061 619 1121 quoad
659 1066 947 1105 araturam
992 1076 1110 1104 cnm
1155 1075 1252 1104 sex
1286 1061 1450 1103 bobus

459 1129 682 1171 institui
712 1134 1038 1170 consuetam.

186 1234 260 1269 12.
296 1221 365 1264 Ad
394 1220 828 1275 antevertendum,
877 1238 935 1264 ex
971 1220 1161 1264 sinistro
1195 1218 1450 1263 intellectu

50 1302 180 1346 illius
216 1300 312 1360 jam
346 1302 545 1362 praevie
572 1300 796 1363 vigentis,
834 1308 881 1344 et
911 1317 1035 1346 anno
1068 1303 1204 1348 1786.
1236 1297 1453 1359 republi-

53 1390 185 1428 catae
221 1382 582 1443 dispositionis,
649 1381 778 1443 quod
819 1381 1045 1426 videlicet
1080 1388 1277 1424 aratura
1314 1379 1451 1423 unius

49 1460 210 1523 jugeri
240 1476 321 1504 sex
360 1461 514 1504 hobus
551 1460 849 1504 instituenda
877 1462 1081 1505 totidem
1120 1459 1287 1522 sigillis
1322 1473 1449 1502 corn-

49 1541 248 1604 pensari
279 1538 478 1595 debeat,
515 1539 823 1584 subditorum
855 1541 1331 1594 damnificationem,
1386 1545 1449 1580 at-

57 1626 150 1684 que
204 1619 482 1664 recursibus
531 1618 950 1680 praepediendam
998 1636 1167 1664 ansam
1219 1635 1300 1664 sua
1348 1619 1448 1661 Ma-

49 1702 193 1763 jestas
231 1698 555 1743 sacratissima
586 1700 835 1758 praeviam
865 1699 1245 1760 dispositionem
1279 1715 1336 1743 eo
1374 1715 1452 1741 ex-

53 1778 244 1843 planari
289 1777 500 1840 benigne
551 1778 716 1839 jubet,
779 1778 909 1839 quod
957 1795 1067 1822 cum
1112 1786 1310 1823 aratura
1345 1778 1450 1838 ipsa

53 1861 205 1906 relate
235 1859 295 1902 ad
321 1856 516 1918 glebam
542 1857 796 1901 comitatus
838 1859 1105 1902 sirmiensis
1148 1875 1242 1902 non
1295 1874 1450 1911 secus,

54 1957 199 2002 quam
233 1954 315 1982 sex
344 1937 493 1981 hobus
532 1937 717 1981 institui
761 1931 936 1993 sole‘at,
985 1939 1248 1999 persolutio
1284 1939 1448 2000 itaque

53 2036 135 2065 sex
166 2016 441 2080 sigillorum
480 2032 577 2060 non
611 2016 671 2060 acl
704 2017 1069 2078 perarationem
1112 2019 1250 2063 unius
1290 2017 1451 2080 jugeri

59 2107 254 2154 terrae,
303 2113 474 2142 verum
507 2098 567 2141 ad
592 2098 814 2142 laborem
847 2099 1070 2162 integrae
1097 2100 1193 2144 diei
1218 2100 1314 2144 sive
1339 2098 1454 2143 dein

63 2186 262 2223 aratura
284 2176 447 2241 jugeri
475 2177 793 2234 terminetur,
830 2178 926 2224 sive
952 2197 1049 2223 non
1067 2212 1080 2234 ,
1116 2180 1450 2242 intelligenda,

51 2268 102 2306 et
125 2262 177 2305 in
200 2261 292 2305 hoc
318 2257 568 2302 intellectu
587 2258 786 2302 subditis
808 2265 892 2314 tot,
923 2267 1037 2321 quot
1055 2260 1211 2322 sigilla
1228 2259 1445 2305 effective

50 2340 315 2405 'promeriti
352 2337 566 2393 suerint,
627 2340 994 2399 persolvantur,
1041 2358 1097 2384 eo
1131 2341 1335 2402 insuper
1375 2341 1451 2385 de-

61 2423 273 2478 clarato,
329 2429 384 2466 ut
417 2420 469 2464 in
505 2427 740 2480 quantum
768 2427 963 2464 aratura
997 2422 1137 2466 unius
1164 2422 1324 2483 jugeri
1355 2429 1451 2465 ter-

60 2519 145 2546 rae
178 2519 270 2564 per
304 2500 562 2546 distributa
593 2515 672 2543 sex
702 2501 871 2563 sigilla,
917 2502 978 2545 ad
1017 2518 1206 2546 sensum
1233 2502 1450 2563 praeexi-

56 2582 224 2628 stentis
252 2600 342 2644 pro
378 2582 470 2626 hoc
506 2583 672 2627 labore
704 2597 961 2625 mensurae
994 2578 1296 2626 sufficienter
1321 2598 1448 2625 com-

52 2668 252 2724 pensata
294 2679 393 2707 non
426 2662 615 2716 fuisset,
674 2668 865 2705 eatenus
898 2662 1226 2724 praegravatis
1265 2663 1442 2706 colonis

52 2759 143 2804 pro
172 2742 437 2805 praeterito
467 2742 628 2800 etiam,
676 2741 726 2786 in
752 2749 986 2803 quantum
1018 2759 1194 2803 nempe
1223 2751 1445 2805 praeten-

1064 2822 1090 2867 -S
1110 2839 1125 2866 s
1165 2833 1191 2870 2
