1669 3189
588 186 659 199 Μ
715 170 800 221 477
857 182 927 198 Μ
965 212 968 214 ,

48 278 253 329 ¹subditis
299 273 697 323 observationem
733 272 938 318 illorum
972 269 1202 317 altissimo
1243 269 1446 315 nomine

49 362 187 426 regio
215 358 567 420 imposuimus,

180 439 264 484 His
301 435 565 482 effectuatis
604 433 920 497 praetitulato
974 432 1175 477 domino
1224 431 1446 477 comissa-

48 520 124 564 rio
166 519 304 583 regio
345 515 707 563 confectionem
747 512 1097 568 urbariorum,
1145 517 1193 556 et
1228 511 1448 556 urbaria..

49 600 174 644 lium
218 599 512 645 tabellarum
557 609 698 640 causa
744 591 990 637 celerioris
1033 590 1355 653 expeditionis
1392 591 1448 638 in

49 697 97 726 se
127 679 398 740 recipiente
418 709 432 733 ,
467 674 714 737 siquidem
741 671 1027 717 teri-estrale
1067 670 1344 717 dominium
1389 673 1451 719 ad

48 758 389 808 colonicalium
430 755 700 802 sessionum
731 751 1207 815 redintegrationem
1248 754 1452 798 modali-

49 850 147 889 tate
183 841 235 886 in
260 840 299 901 §
337 850 412 889 18.
438 854 540 900 cap.
572 838 626 883 V.
656 833 966 899 praescripta
996 833 1347 878 instituendam
1380 835 1452 879 di-

50 923 197 987 sponi
226 938 323 966 non
358 918 599 982 potuisset
621 950 633 972 ,
668 922 991 978 praeattactae
1026 914 1235 976 proinde
1272 915 1452 960 coloni-

48 1005 173 1050 cales
201 998 435 1048 sessiones
459 1013 608 1061 super
658 994 903 1058 impositis
940 993 1122 1039 iisdem
1176 1013 1202 1040 a
1245 1011 1453 1057 propor-

47 1084 180 1130 tione
218 1080 558 1129 sessionalium
601 1076 874 1122 fundorum
909 1074 1241 1121 urbarialibus
1290 1077 1453 1122 oneri-

47 1167 136 1213 bus
160 1165 213 1211 in
240 1170 497 1223 statu,·quo
536 1157 888 1221 praefuerunt,
923 1158 1126 1204 relictae
1155 1166 1280 1204 sunt.

178 1241 462 1291 Urbario
520 1240 677 1303 igitur
733 1245 781 1284 et
828 1239 1062 1284 tabella
1119 1236 1455 1283 urbariali

49 1342 142 1388 pro
174 1324 476 1387 possessione
507 1321 598 1365 hac
635 1320 1012 1366 deservientibus
1048 1321 1317 1382 praemisso
1354 1335 1454 1363 mo-

53 1405 115 1449 do
142 1403 483 1466 praeparatis,
518 1400 675 1461 iisque
700 1400 753 1444 in
794 1400 1132 1463 quadruplici,
1165 1400 1454 1447 fassionibus

50 1499 166 1530 vero
200 1482 262 1527 ad
284 1497 458 1528 novem
484 1479 865 1543 interrogatoria
883 1513 897 1536 ,
933 1488 981 1525 et
1006 1482 1451 1543 conscriptionibus

53 1561 389 1610 sessionalium
432 1559 701 1606 fundorum
743 1559 796 1604 in
840 1559 1030 1604 duobus
1078 1563 1447 1623 exemplaribus

54 1642 330 1689 authentico
362 1642 624 1687 comitatus
657 1640 849 1703 sigillo,
899 1639 986 1685 sub
1023 1641 1277 1687 extradata
1319 1649 1451 1686 nota-

53 1727 163 1771 riali
199 1725 437 1770 roboratis
463 1756 476 1779 ,
506 1730 560 1767 et
585 1721 783 1767 urbario
814 1737 866 1765 ac
902 1721 1141 1766 urbariali
1166 1724 1344 1767 tabella
1362 1731 1454 1769 ter..

56 1806 250 1852 restrali
284 1802 505 1849 dominio
545 1808 594 1846 et
617 1800 796 1845 incolis
826 1802 1140 1867 extradandis
1172 1803 1222 1847 in
1247 1805 1453 1865 duplici,

55 1885 340 1932 fassionibus
381 1899 499 1928 vero
546 1880 609 1927 ad
651 1895 828 1925 novem
863 1881 1246 1944 interrogatoria
1280 1893 1458 1945 puncta

55 1975 102 2013 et
124 1962 565 2026 conscriptionibus
593 1959 934 2006 sessionalium
964 1961 1233 2007 fundorum
1264 1980 1353 2024 pro
1384 1965 1453 2008 ul-

59 2045 230 2091 teriori
259 2042 535 2089 directione
563 2047 731 2085 nostra
772 2040 825 2084 in
849 2058 947 2086 uno
994 2044 1353 2105 exemplaribus
1395 2047 1457 2090 ad

58 2142 232 2170 manus
269 2130 457 2169 nostras
482 2118 717 2183 receptis,
750 2137 919 2166 rursus
964 2123 1025 2167 ad
1062 2123 1236 2169 faciem
1280 2143 1459 2188 posses·

59 2205 205 2251 sionis
225 2205 370 2266 hujus
401 2203 734 2258 exiveramus‚
770 2202 1054 2264 ibidemque

192 2298 233 2332 1.
263 2285 510 2330 Publicato
538 2291 585 2328 et
613 2282 862 2327 extradato
880 2298 990 2326 cum
1015 2284 1127 2327 urb
1144 2285 1234 2328 ari
1255 2288 1339 2331 ali
1381 2295 1458 2332 ta.

60 2365 243 2420 bella,
277 2363 578 2419 urbario,
630 2363 690 2407 ad
725 2370 999 2407 accuratam
1035 2364 1255 2426 ejusdem
1296 2371 1458 2414 obser-

61 2446 309 2493 irationem
338 2450 437 2488 tam
468 2443 749 2488 terrestrale
775 2443 1069 2499 dominium,
1109 2461 1252 2505 quam
1310 2457 1357 2493 et
1390 2453 1458 2495 in-

65 2528 219 2582 colas,
254 2527 340 2570 bos
366 2524 562 2587 quidem
601 2525 661 2569 ad
689 2540 772 2578 ea,
812 2539 933 2585 quae
968 2523 1018 2567 in
1047 2525 1268 2587 benignis
1295 2538 1461 2591 paten-

67 2607 244 2653 talibus
280 2608 537 2651 adversum
585 2606 831 2666 inquietos
859 2639 872 2661 ,
911 2612 958 2649 et
1003 2605 1338 2655 inobedientes
1381 2612 1462 2656 de-

69 2695 365 2744 cernuntur,
400 2686 523 2731 illud
565 2701 679 2730 vero
717 2692 942 2729 notanter
981 2685 1209 2732 officiales
1245 2690 1464 2751 ejusdem

72 2768 133 2815 ad.
143 2770 413 2833 benignum
426 2768 718 2829 rescriptum
736 2768 948 2829 regium,
984 2784 1078 2831 quo
1096 2770 1344 2817 mediante
1360 2790 1471 2819 con-
