1669 3189
683 183 1024 226 ..m424-u

298 302 338 338 7.
376 288 641 335 Occasione
692 283 958 330 introducti
1017 285 1206 329 urbarii
1259 286 1312 332 in
1369 287 1549 350 oppido

153 370 302 416 Saard
328 371 560 414 comitatu
575 365 789 428 Stimegh
825 369 961 427 1767.
984 373 1252 426 assumptae
1283 375 1420 412 erant
1449 374 1545 429 28}

164 451 393 496 sessiones
424 451 640 510 integrae
678 446 728 491 in
755 447 1022 501 calculum,
1069 461 1158 506 per
1197 460 1373 490 novam
1403 463 1548 509 regu-

157 531 389 575 lationem
437 534 543 571 sunt
594 532 672 576 54.
721 526 954 572 sessiones
1000 514 1221 588 integrae
1265 525 1548 572 constitutae

161 627 215 654 ex
239 625 346 658 nro,
377 608 574 652 locumt.
604 616 707 654 155.
737 613 873 656 1814.
1096 657 1098 661 .

287 698 327 736 8.
365 688 419 732 In
455 688 749 750 possessione
782 685 1276 749 Hohiillzuti-Btigo'tte
1307 685 1547 731 comitatu

152 768 459 815 Casu-iserrei
479 786 534 814 ex
562 769 859 831 praehabitis
887 780 926 816 ἵ.
952 766 1240 812 sessionibus
1258 799 1271 823 ,
1324 782 1533 829 quarum

156 850 392 911 capacitas
414 850 664 895 occasione
687 848 951 893 introducti
965 847 1149 892 urharii
1171 847 1221 892 in
1255 858 1341 903 192
1367 845 1549 909 jugeri-

157 929 248 975 bus
278 930 508 975 indictata
538 937 625 986 est,
661 929 907 973 occasione
938 927 1254 973 dimensionis
1287 925 1546 971 urbarialis

159 1019 267 1055 sunt
298 1017 373 1060 14.
396 1012 631 1057 sessiones
659 1009 970 1065 efformatae,
1013 1016 1062 1053 et
1093 1019 1200 1057 578.
1223 1008 1394 1070 jugera
1417 1007 1548 1051 adin-

159 1097 316 1146 venta,
355 1091 552 1136 locumt.
571 1107 678 1136 nro.
708 1095 852 1137 4307.
885 1098 1022 1142 1814.

286 1182 327 1226 9.
365 1172 420 1215 In
458 1186 685 1230 processu
752 1168 985 1213 urbariali
1023 1167 1194 1228 oppidi
1224 1165 1394 1209 Tfirfik
1427 1167 1553 1225 Rop-

160 1250 291 1307 pany
327 1249 378 1291 in
421 1248 655 1292 comitatu
681 1247 898 1309 Sumegh
933 1248 981 1293 b.
1019 1243 1255 1289 resolutio
1279 1244 1416 1306 regia
1446 1260 1551 1289 nro.

155 1328 249 1373 aul.
281 1334 419 1377 5548.
453 1331 590 1376 1816.
671 1328 882 1390 „Vigore
922 1325 1183 1388 regulativi
1231 1321 1551 1370 instrumenti

155 1407 213 1450 de
249 1423 373 1452 anno
426 1412 562 1454 1774.
602 1407 662 1450 ad.
696 1406 1005 1450 territorium
1049 1405 1439 1466 oppidanorum,
1498 1404 1549 1448 in

154 1503 250 1547 quo
279 1493 443 1531 eotum
476 1485 816 1547 praefuerunt,
882 1493 1110 1542 exten503
1162 1500 1251 1529 nec
1283 1483 1550 1544 extirpatu-

151 1581 262 1622 rae,
302 1582 388 1610 seu
423 1573 529 1611 ante
555 1566 792 1627 epocham
816 1565 978 1621 illam,
1023 1581 1108 1610 seu
1132 1571 1299 1626 expost
1321 1564 1544 1608 efforma-

154 1653 260 1703 tae,
296 1663 394 1705 >nec
437 1652 596 1690 terrae
630 1645 1007 1691 remanentiales
1040 1663 1096 1691 ex
1128 1646 1319 1691 noviori
1356 1645 1549 1707 regula-

151 1725 282 1771 tione
316 1724 633 1787 proditurae,
683 1726 865 1769 liberae
901 1725 1105 1770 dominii
1142 1724 1437 1770 terrestralis
1479 1724 1548 1768 di-

149 1807 402 1869 spositioni
438 1806 597 1850 addici
628 1812 860 1866 possunt,
915 1813 959 1850 et
990 1805 1099 1850 ideo
1129 1804 1204 1849 his
1239 1806 1366 1849 ultro
1395 1821 1544 1867 penes

152 1886 424 1949 oppidanos
456 1886 659 1940 relictis,
695 1885 995 1954 geometrica
1025 1885 1289 1942 dimensio,
1334 1892 1382 1930 et
1406 1903 1547 1949 regu-

149 1968 267 2012 latio
306 1968 571 2012 sessionum
607 1981 664 2010 ea
697 1966 883 2010 ratione
914 1965 1217 2027 suscipienda
1251 1973 1346 2022 est,
1403 1974 1457 2010 ut
1492 1968 1546 2012 in

152 2055 390 2110 quantum
436 2048 764 2109 extirpatume
810 2046 870 2093 ad
911 2047 1144 2091 sessiones
1192 2045 1540 2107 adjicerentur,

146 2129 373 2173 mercede
412 2127 594 2172 laboris
634 2125 807 2171 abinde
840 2132 1180 2187 competente,
1229 2125 1427 2186 praevie
1466 2143 1542 2171 ex-

149 2209 327 2263 soluta,
363 2208 422 2252 ab
449 2207 770 2252 accrescentia
799 2206 1068 2251 sessionum
1095 2205 1257 2250 nullae
1279 2207 1539 2268 ampliores

148 2287 520 2349 praestationes,
580 2302 726 2349 quam
776 2303 896 2348 quae
942 2286 992 2330 in
1043 2285 1309 2347 regulativo
1355 2286 1540 2333 defixae

152 2375 288 2423 sunt,
324 2383 412 2429 pro
443 2374 580 2428 parte
609 2365 814 2411 dominii
844 2366 971 2428 exigi
996 2365 1239 2410 valeant.“

285 2457 357 2491 10.
409 2447 462 2491 In
510 2462 740 2508 processu
806 2444 1041 2490 urbariali
1096 2446 1415 2507 possessionis
1459 2446 1540 2491 Sti-

152 2524 368 2584 venyhaz
388 2526 440 2571 in
473 2528 702 2571 comitatu
735 2526 920 2571 Jaurin.
947 2542 1051 2571 nro.
1081 2527 1172 2571 aul.
1210 2532 1355 2583 8494,
1400 2529 1538 2574 1816.

153 2606 278 2649 Cum
316 2605 375 2672 ad
411 2607 707 2666 superandas
743 2622 799 2652 ex
843 2605 1020 2650 merito
1056 2606 1326 2651 urhariales
1348 2607 1539 2650 colono-

152 2700 265 2727 rum
292 2685 600 2745 possessionis
625 2687 903 2749 Sssvenyhaz
930 2688 1168 2749 querelas,
1199 2685 1538 2732 decidendam-

154 2781 246 2827 que
273 2763 324 2811 in
348 2765 508 2828 specie
544 2768 881 2829 quaestionem
914 2767 1083 2817 damni
1104 2784 1192 2831 per
1224 2765 1535 2815 amissionem
