1669 3189
722 186 791 197 m
850 165 933 204 (uo
991 186 1059 196 m·-

204 276 492 322 solutionem
521 284 745 316 revocare
769 270 828 315 sit
852 284 1058 315 necesse.
1129 271 1305 332 Quales
1334 278 1499 317 autem
1525 271 1588 317 ad

204 358 426 402 effectum
448 358 767 418 prae-attactae
785 349 832 397 b.
862 348 1171 396 resolutionis
1200 350 1367 412 regiae
1400 369 1456 396 ex
1476 369 1588 414 par-

202 444 249 480 te
279 432 705 497 praetitulatarum
717 432 777 478 D.
797 437 1066 476 vestrarum
1085 421 1419 491 dispositiones
1439 431 1589 477 factae
1650 480 1659 486 v,

206 517 298 560 sint
318 514 341 557 ἱ)
392 511 548 573 qualia
571 512 689 556 item
716 511 907 556 servitia
934 510 1243 556 oeconomica
1262 525 1352 572 per
1375 511 1590 557 subditos

202 596 378 641 dehinc
408 593 635 638 obeunda
657 591 975 637 determinata
1013 591 1313 646 habeantur,
1360 597 1407 634 et
1439 591 1591 651 qualis
1655 586 1661 635 ζ

203 672 449 735 quibusvis
477 687 663 716 merces
705 685 903 715 emensa
932 668 1018 724 sit,
1071 669 1281 732 desuper
1307 671 1506 714 eaedem
1529 672 1591 715 D.
1656 666 1659 674 ¹

197 762 383 800 vestrae
405 752 652 816 specificas
693 750 1063 794 informationes
1091 767 1195 794 suas
1229 748 1480 794 occasione
1516 766 1594 794 an-

195 852 404 883 nuarum
426 831 853 895 investigationum
878 830 1020 874 isthic
1046 830 1369 876 submissurae
1395 836 1523 883 sunt,

194 967 412 1077 (ριιοαὲ
454 964 794 1026 quaestiones
835 961 1146 1005 arbariales
1184 962 1424 1021 qualiter
1461 962 1596 1007 deci-

260 1037 361 1081 den
401 1038 504 1080 as.)

333 1146 407 1190 14,
444 1134 770 1180 praetitulatis
794 1135 854 1181 D.
881 1133 1053 1179 vestris
1080 1132 1325 1188 intimari,
1383 1140 1436 1178 ut
1459 1149 1601 1195 quae„

195 1218 374 1263 stiones
420 1216 472 1260 in
500 1216 679 1260 merito
712 1214 950 1260 urbariali
974 1214 1065 1259 sihi
1110 1214 1411 1275 propositas,
1451 1214 1527 1258 vel
1548 1213 1601 1258 in
1660 1233 1662 1235 ·

198 1300 419 1344 futurum
439 1298 779 1360 proponendas
801 1296 992 1342 nonnisi
1024 1296 1074 1340 in
1099 1313 1153 1340 ea
1177 1303 1347 1358 parte,
1383 1295 1435 1340 in
1459 1310 1603 1357 quan-

197 1390 301 1425 tum
343 1380 434 1424 hae
465 1396 557 1440 per
595 1380 641 1424 b.
668 1378 990 1424 resolutiones
1022 1377 1181 1440 regias
1220 1374 1323 1436 jam
1353 1375 1498 1436 plene
1528 1392 1601 1419 su-

197 1468 393 1521 peratae
422 1467 562 1516 sunt,
610 1465 659 1502 et
695 1457 832 1504 nulla
865 1473 1065 1520 prorsus
1101 1472 1269 1501 earum
1307 1455 1491 1500 intuitu
1517 1454 1605 1499 dis-

193 1541 376 1585 ficultas
402 1538 645 1592 occurrit,
680 1537 742 1580 ad
765 1536 990 1581 effectum
1011 1536 1242 1597 dirigant,
1282 1534 1397 1580 alias
1425 1541 1593 1580 autem

196 1635 364 1665 omnes
393 1635 504 1663 cum
533 1616 628 1662 suis
666 1616 1012 1661 reflexionibus
1051 1631 1142 1676 pro
1169 1614 1390 1660 ulteriori
1420 1613 1598 1658 discus-

202 1699 365 1753 sione,
427 1705 474 1740 et
515 1696 762 1740 decisione
790 1693 1001 1739 Consilio
1038 1694 1153 1736 huic
1189 1693 1324 1756 regio
1365 1695 1601 1738 locumte-

206 1775 406 1822 nentiali
436 1782 808 1836 repraesentare
841 1772 1062 1817 debeant.

202 1922 417 1991 (Quoad
445 1921 897 1965 combz'natorizzm
943 1924 1123 1963 statas
1158 1921 1598 1967 antearbarialis

269 2007 387 2036 cam
415 1987 766 2048 regulatione
804 1985 1127 2034 urbariali.)

336 2112 407 2149 15.
455 2101 721 2145 Observato
748 2114 831 2153 eo,
881 2098 1010 2159 quod
1038 2097 1342 2142 diversorum
1380 2099 1598 2143 domino-

204 2198 315 2228 rum
353 2179 664 2225 terrestrium
698 2177 878 2222 subditi
915 2178 1155 2233 robottas,
1212 2184 1258 2221 et
1295 2179 1410 2224 alias
1445 2179 1597 2224 datias

205 2259 257 2307 in
306 2277 395 2305 usu
445 2258 607 2322 priori
662 2257 884 2320 vigentes
933 2257 1160 2303 dominiis
1207 2257 1304 2302 suis
1346 2266 1598 2320 praestare

210 2343 442 2397 mallent,
497 2355 644 2402 quam
668 2338 995 2383 urbarialihus
1027 2338 1232 2383 insolitis
1262 2337 1599 2400 praestationi-

210 2421 294 2465 bus
329 2422 550 2476 subesse,
600 2437 625 2464 a
663 2435 870 2483 quorum
904 2419 1144 2465 desiderio
1183 2435 1343 2480 neque
1377 2417 1599 2463 dominia

216 2502 513 2546 terrestralia
542 2501 700 2545 aliena
730 2505 904 2544 essent.

345 2581 470 2642 Quia
499 2588 663 2626 autem
685 2580 792 2642 ipsa
822 2579 1125 2641 experientia
1150 2585 1427 2635 testaretur,
1465 2579 1594 2640 quod

216 2661 435 2723 plerique
479 2662 648 2707 miseri
681 2660 904 2706 homines
945 2678 1039 2705 non
1072 2660 1283 2706 novitate
1313 2658 1595 2721 praestatio-

218 2758 335 2788 num
348 2741 668 2787 urbarialium
682 2741 820 2796 moti,
845 2758 1016 2788 verum
1039 2742 1132 2787 late
1154 2739 1424 2802 patentibus
1443 2738 1597 2784 domi-

1660 724 1669 761 ἀ
