1669 3189
623 176 693 187 “⁸⁴
750 155 865 211 380'
896 173 965 209 “J-

92 267 220 311 tione
255 263 409 308 relate
451 262 510 306 ad
561 262 782 308 mediam
826 260 1121 315 sessionem,
1185 259 1486 321 quartalistas

89 348 230 401 item,
265 351 313 388 et
343 342 638 388 octav-alistas
686 340 965 404 ejectationi
1001 338 1294 384 constitutivi
1345 340 1479 385 locus

88 433 181 483 est3
219 426 271 469 in
300 426 490 468 Banatu
531 430 697 466 autem
726 421 846 464 citra
876 420 1156 480 qualitatem
1178 426 1268 463 'aut
1290 435 1486 464 nomen-

89 505 354 549 clationem
388 503 614 548 sessionis
647 507 722 544 est
748 515 947 558 semper
982 498 1212 561 jugerum
1248 516 1421 545 unum.

205 597 249 633 2.
284 582 664 628 Extravillanum
690 578 1054 623 constitutivum
1084 580 1135 623 in
1176 579 1480 641 hungaricis,

84 674 246 710 terrae
270 662 473 706 arabiles
513 660 712 721 quidem
745 659 798 703 in
836 669 860 705 5
908 658 1104 712 classes,
1152 666 1293 718 prata
1326 665 1490 703 autem

81 744 133 788 in
164 755 188 790 3
221 743 392 786 classes
438 740 594 784 divisa
630 745 770 795 sunt,
809 739 916 800 agri
964 738 1361 798 complectuntur
1412 737 1485 799 ju-

79 841 198 887 gera
220 840 309 884 pro
332 823 526 866 ratione
559 821 787 866 classium
817 820 933 865 inde
962 836 988 864 a
1029 820 1085 866 16
1114 834 1264 881 usque
1285 821 1476 866 56—-40

75 906 248 967 jugera
269 930 334 935 ——
358 907 500 964 prata
535 908 703 945 autem
728 899 902 943 itidem
937 917 963 943 a
1004 899 1325 960 proportione
1367 898 1478 941 clas-

78 985 205 1031 sium
246 998 274 1026 a
303 986 331 1030 ὁ
357 986 586 1043 usque'31
619 979 858 1024 falcastra.

205 1064 261 1107 In
301 1064 491 1106 Banatu
526 1061 723 1105 colonus
749 1060 967 1120 integrae
993 1057 1218 1102 sessionis
1258 1057 1382 1101 citra
1407 1054 1477 1098 di-

81 1146 293 1190 scrimen
335 1141 554 1187 classium
583 1142 732 1186 hahet
763 1140 906 1192 titulo
950 1138 1254 1183 constitutivi
1302 1132 1484 1181 coloni-

83 1227 197 1271 calis
238 1221 506 1269 sessionalis
574 1227 631 1268 54
677 1246 740 1252 ——
775 1219 969 1262 mediae
1018 1218 1242 1262 sessionis
1286 1216 1483 1259 colonus

85 1320 143 1363 19
169 1332 232 1338 —
258 1301 541 1366 qual-talista
586 1312 636 1345 11
672 1326 736 1331 —-
763 1299 1038 1344 octavalista
1074 1310 1097 1345 ’Ζ
1125 1305 1171 1342 et
1206 1294 1484 1357 respective

69 1397 111 1434 -3
141 1387 325 1447 jugera.

197 1476 256 1512 ὅ.
303 1460 556 1525 Quantitas
585 1459 726 1502 unius
752 1457 913 1520 jugeri
938 1457 990 1502 in
1018 1455 1296 1518 hungaricis
1331 1455 1482 1499 comi-

82 1544 256 1588 tatibus
282 1559 309 1586 a
340 1553 367 1588 2
403 1540 624 1584 metretis
651 1537 1023 1601 posoniensibus
1062 1536 1362 1596 computati,
1398 1536 1482 1579 ha-

82 1624 184 1668 bita
211 1624 273 1668 ad
298 1621 583 1685 qualitatem
612 1621 784 1683 glebae
806 1618 1067 1663 reflexione
1094 1616 1335 1662 constituit
1356 1626 1478 1662 1100

82 1705 157 1748 vel
186 1714 306 1750 1200
337 1703 416 1747 vel
447 1712 567 1749 1500
599 1700 855 1761 quadratas
883 1698 1061 1762 orgias.

219 1783 273 1824 ln
311 1782 497 1824 Banatu
523 1797 674 1823 unum
700 1780 930 1841 jugerum
974 1779 1135 1824 ubivis
1176 1779 1274 1822 fine
1313 1777 1478 1821 obser-

84 1861 273 1905 vandae
310 1859 658 1904 uniformitatis
704 1858 1048 1921 complectitur
1089 1859 1213 1904 citra
1254 1856 1475 1901 reflexim

84 1957 200 1985 nem
237 1940 409 2002 glebae
455 1943 576 1986 1600
606 1939 866 2000 quadratas
899 1941 1074 2002 orgias.

211 2024 255 2066 4.
315 2018 665 2064 Praestationes
713 2019 764 2063 in
800 2019 1085 2064 victualibus
1133 2018 1186 2064 in
1228 2018 1479 2080 Hungaria

62 2116 183 2165 *non
208 2098 455 2160 recipiunt
484 2099 941 2154 classificationem,
979 2098 1096 2160 quia
1131 2100 1329 2144 colonus
1358 2099 1479 2143 inte-

83 2195 200 2241 grae
231 2179 457 2225 sessionis
485 2179 606 2223 citra
644 2181 825 2224 defixas
871 2180 1038 2224 classes
1076 2179 1234 2225 ubivis
1267 2178 1476 2239 aequali-

84 2266 162 2303 ter
223 2260 393 2306 iisdem
432 2260 838 2322 praestationibus
880 2259 1244 2322 dependendis,
1289 2266 1337 2303 et
1378 2274 1476 2302 ser-

70 2340 315 2385 'vitutihus
342 2340 584 2403 obligatur
603 2372 616 2397 9
653 2341 704 2386 in
730 2343 921 2385 Banatu
946 2347 1110 2383 autem
1137 2339 1229 2381 hae
1266 2345 1477 2400 praesta-

85 2420 245 2466 tiones
276 2420 420 2465 unius
453 2420 674 2484 integrae
717 2420 940 2467 sessionis
986 2419 1261 2465 colonicalis
1295 2419 1346 2463 in
1380 2426 1475 2464 tres

88 2504 260 2548 classes
287 2501 555 2546 subdivisae
580 2509 722 2558 sunt,
759 2503 827 2546 ita
862 2509 913 2546 ut
942 2502 1143 2546 colonus
1184 2500 1328 2545 unius
1357 2501 1476 2544 inte-

85 2599 204 2646 grae
233 2581 454 2627 sessionis
482 2582 759 2628 colonicalis
789 2582 839 2628 in

156 2661 196 2696 1.
234 2650 396 2694 Classe
427 2647 570 2692 titulo
605 2648 888 2694 victualium
915 2648 1064 2692 solvat
1133 2658 1187 2694 51
1261 2662 1330 2690 xr.
1357 2646 1410 2689 in

153 2730 197 2762 2.
264 2740 329 2746 ——
461 2740 526 2746 -—«
719 2740 784 2747 —--
949 2739 1012 2745 —-
1134 2719 1227 2772 582}
1261 2737 1326 2746 --
1360 2712 1411 2757 in

153 2792 196 2828 3.
264 2807 328 2813 ——
461 2805 525 2812 --
720 2806 784 2814 —-
951 2805 1014 2814 —-
1134 2778 1228 2842 5οξ
1261 2803 1326 2814 --

85 2853 133 2892 et
156 2847 221 2893 sic
244 2864 271 2896 a
303 2847 638 2910 proportione.
