1669 3189
616 202 686 213 ...m
744 179 826 235 37.)
887 201 958 212 ...-

106 306 158 333 re
179 323 191 345 ,
227 289 301 334 vel
329 305 444 333 vero
468 305 584 351 erga
608 289 725 332 hacc
754 284 1035 331 communia
1062 301 1113 330 ac
1137 291 1378 346 perpetua
1409 286 1490 330 be-

102 370 278 415 neficia
304 370 497 414 easdem
525 369 615 414 sibi
641 367 817 412 excisas
844 369 991 427 sylvas
1030 365 1249 410 dominio
1281 366 1492 428 resigna-

103 465 157 493 re
182 449 392 493 malint?

234 530 278 573 Si
306 530 556 590 primum,
593 526 979 571 reservationem
1010 533 1180 588 utpote
1204 526 1310 570 talis
1334 525 1490 586 sylvae

102 609 493 671 praeelegerim,
556 607 899 651 declarandum
926 607 1099 649 iisdem
1127 608 1246 662 erit,
1295 607 1423 668 quod
1449 614 1496 650 et

104 691 279 734 harum
316 688 556 747 sylvarum
601 685 986 749 superinspectio
1024 703 1175 748 penes
1217 685 1494 731 dominium

103 776 324 817 maneat,
365 784 519 829 neque
547 767 670 811 alter
694 767 891 812 illarum
920 783 1062 822 usus,
1102 783 1246 828 quam
1272 766 1492 828 praecise

105 850 164 893 ad
201 849 456 910 propriam
503 849 774 914 eorundem
814 848 1151 893 necessitatem
1193 848 1495 901 admittatur,

100 929 400 991 juvenesque
438 930 631 974 arbores
669 929 918 983 scindere,
968 929 1044 973 vel
1083 945 1250 990 capras
1288 929 1337 973 in
1372 928 1491 972 tales

105 1011 254 1070 sylvas
284 1010 500 1054 imittere
526 1010 640 1071 ipsis
673 1011 801 1054 nulla
837 1010 1028 1054 ratione
1060 1009 1217 1065 liceat,
1263 1010 1301 1053 si
1329 1015 1495 1053 autem

105 1090 301 1134 easdem
346 1091 496 1151 sylvas
535 1092 696 1152 potius
750 1090 970 1136 dominio
1022 1089 1284 1134 restituere
1320 1089 1486 1143 velint,

102 1176 215 1214 tunc
240 1171 330 1214 hae
357 1172 442 1214 sub
480 1171 582 1231 ipsa
608 1170 865 1214 urbarialis
899 1171 1216 1232 regulationis
1257 1170 1497 1214 executio-

105 1265 166 1292 ne
195 1249 413 1292 dominio
446 1248 831 1309 reassignentur,
868 1247 1173 1308 subditisque
1197 1249 1495 1303 declaretur,

101 1329 335 1373 beneficia
373 1329 500 1370 circa
537 1327 862 1386 lignationem
903 1335 949 1371 et
985 1328 1403 1388 glandinationem
1442 1329 1496 1372 in

102 1407 207 1468 ipso
252 1407 452 1452 urbario
500 1405 747 1448 declarata
784 1405 962 1449 iisdem
1009 1409 1059 1451 in
1106 1406 1327 1451 futurum
1368 1425 1496 1452 com-

101 1495 286 1550 petere.

235 1577 277 1616 8.
317 1567 679 1612 Constituantur
704 1583 851 1629 porro
876 1567 1032 1611 adhuc
1049 1575 1157 1612 ante
1180 1554 1493 1628 conscriptio-

103 1665 215 1694 nem
245 1648 388 1692 iudex
417 1656 463 1692 et
490 1647 637 1706 jurati
674 1665 783 1692 cum
817 1646 1003 1709 aliquot
1043 1648 1316 1692 senioribus
1350 1664 1497 1708 super

106 1740 148 1784 9.
180 1727 566 1790 interrogatoriis
599 1729 789 1789 punctis
826 1730 908 1779 (de
951 1728 1123 1790 quibus
1151 1729 1326 1772 eadem
1354 1734 1493 1788 parte

108 1821 150 1857 5.
182 1809 364 1871 agitur)
392 1811 757 1872 eorundemque
786 1809 929 1854 fassio
959 1809 1009 1854 in
1035 1810 1277 1871 scriptum
1309 1808 1495 1870 rediga-

111 1896 188 1933 tur
211 1889 368 1951 sigillo
399 1890 758 1933 communitatis
781 1889 1063 1934 munienda.

236 1980 279 2024 9.
316 1969 747 2031 Quemadmodum
790 1986 845 2013 ex
892 1971 981 2013 hac
1019 1969 1225 2015 fassione
1270 1969 1494 2030 prodeat,

104 2065 224 2094 num
253 2064 381 2092 nona
406 2049 632 2091 hactenus
657 2047 706 2091 in
727 2055 897 2091 natura
926 2049 1180 2110 desumpta
1203 2048 1381 2104 fuerit,
1419 2050 1496 2093 vel

106 2148 201 2174 non
220 2162 232 2185 ‚
268 2129 331 2173 ita
363 2128 511 2172 etiam
532 2128 791 2189 posteriori
820 2129 868 2173 in
895 2145 1020 2185 casu,
1065 2136 1164 2173 tam
1193 2128 1381 2172 domini
1402 2135 1497 2172 ter-

106 2217 311 2265 restres,
349 2224 495 2271 quam
524 2225 699 2253 eorum
730 2207 984 2263 officiales,
1038 2216 1085 2252 et
1112 2208 1289 2253 subditi
1326 2214 1493 2251 eotum

109 2291 271 2335 statim
295 2288 646 2353 praemonendi
685 2297 854 2343 erunt,
906 2297 958 2332 ut
988 2290 1104 2334 dum
1142 2288 1246 2350 ipsa
1282 2288 1497 2333 urharia-

108 2372 166 2418 lis
197 2371 515 2435 regulationis
542 2370 761 2414 executio
789 2377 984 2430 peracta
1022 2369 1196 2425 suerit,
1252 2370 1355 2414 sine
1377 2370 1497 2414 ulte-

109 2452 277 2497 teriori
297 2451 615 2512 protelatione
640 2459 685 2496 et
712 2468 807 2496 una
833 2458 880 2495 et
905 2452 994 2496 alia
1016 2467 1144 2512 pars,
1183 2468 1241 2496 an
1274 2459 1321 2496 et
1353 2453 1493 2514 quale

111 2531 420 2594 aequivalens
457 2532 809 2596 praeeligatur,
849 2549 961 2577 mox
995 2533 1271 2590 declarent,
1338 2534 1494 2578 omni-

105 2616 299 2659 modam
342 2615 652 2660 nihilominus
687 2623 977 2678 exequentes
1014 2614 1403 2678 magistratuales
1440 2612 1492 2658 in

112 2696 301 2759 singulo
343 2697 447 2741 loco
482 2697 783 2743 adhibebunt
819 2714 1045 2765 operam,
1106 2705 1159 2744 ut
1199 2696 1403 2743 rusticus
1433 2695 1493 2740 ad
