<?xml version="1.0" encoding="UTF-8"?>
<!DOCTYPE html PUBLIC "-//W3C//DTD XHTML 1.0 Transitional//EN"
    "http://www.w3.org/TR/xhtml1/DTD/xhtml1-transitional.dtd">
<html xmlns="http://www.w3.org/1999/xhtml" xml:lang="en" lang="en">
 <head>
  <title>
</title>
<meta http-equiv="Content-Type" content="text/html;charset=utf-8" />
  <meta name='ocr-system' content='tesseract 3.04.00' />
  <meta name='ocr-capabilities' content='ocr_page ocr_carea ocr_par ocr_line ocrx_word'/>
</head>
<body>
  <div class='ocr_page' id='page_1' title='image "./constitutioreiur02paul_0151.png"; bbox 0 0 1669 3189; ppageno 0'>
   <div class='ocr_carea' id='block_1_1' title="bbox 614 159 953 209">
    <p class='ocr_par' dir='ltr' id='par_1_1' title="bbox 614 159 953 209">
     <span class='ocr_line' id='line_1_1' title="bbox 614 159 953 209; baseline 0.003 -19"><span class='ocrx_word' id='word_1_1' title='bbox 614 176 684 190; x_wconf 59' lang='lat' dir='ltr'><em>..sm</em></span> <span class='ocrx_word' id='word_1_2' title='bbox 739 159 819 209; x_wconf 68' lang='lat'><em>481</em></span> <span class='ocrx_word' id='word_1_3' title='bbox 882 173 953 191; x_wconf 58' lang='lat' dir='ltr'><em>«aa</em></span> 
     </span>
    </p>
   </div>
   <div class='ocr_carea' id='block_1_2' title="bbox 566 220 1029 326">
    <p class='ocr_par' dir='ltr' id='par_1_2' title="bbox 566 220 1029 326">
     <span class='ocr_line' id='line_1_2' title="bbox 566 220 1029 326; baseline 0.011 -5"><span class='ocrx_word' id='word_1_4' title='bbox 566 261 879 324; x_wconf 85' lang='lat' dir='ltr'>CAPUT</span> <span class='ocrx_word' id='word_1_5' title='bbox 919 220 1029 326; x_wconf 70' lang='lat' dir='ltr'><em>VI.</em></span> 
     </span>
    </p>
   </div>
   <div class='ocr_carea' id='block_1_3' title="bbox 333 339 1262 494">
    <p class='ocr_par' dir='ltr' id='par_1_3' title="bbox 333 339 1262 494">
     <span class='ocr_line' id='line_1_3' title="bbox 333 339 1262 413; baseline -0.003 -2"><span class='ocrx_word' id='word_1_6' title='bbox 333 350 430 412; x_wconf 82' lang='lat' dir='ltr'><em>De</em></span> <span class='ocrx_word' id='word_1_7' title='bbox 469 355 854 413; x_wconf 82' lang='lat' dir='ltr'><em>contractibus</em></span> <span class='ocrx_word' id='word_1_8' title='bbox 877 339 1262 413; x_wconf 81' lang='lat' dir='ltr'><em>urbarialibuS.</em></span> 
     </span>
     <span class='ocr_line' id='line_1_4' title="bbox 712 458 894 494; baseline 0.011 -2"><span class='ocrx_word' id='word_1_9' title='bbox 712 458 833 493; x_wconf 86' lang='lat' dir='ltr'><em>ART.</em></span> <span class='ocrx_word' id='word_1_10' title='bbox 860 459 894 494; x_wconf 87' lang='lat' dir='ltr'><em>I.</em></span> 
     </span>
    </p>
   </div>
   <div class='ocr_carea' id='block_1_4' title="bbox 87 537 1495 2808">
    <p class='ocr_par' dir='ltr' id='par_1_4' title="bbox 99 537 1492 795">
     <span class='ocr_line' id='line_1_5' title="bbox 99 537 1492 598; baseline 0.001 -15"><span class='ocrx_word' id='word_1_11' title='bbox 99 537 182 583; x_wconf 87' lang='lat' dir='ltr'><em>De</em></span> <span class='ocrx_word' id='word_1_12' title='bbox 257 539 684 598; x_wconf 71' lang='lat' dir='ltr'><em>investigatione</em></span> <span class='ocrx_word' id='word_1_13' title='bbox 750 539 1229 595; x_wconf 78' lang='lat' dir='ltr'><em>praeexistentiae·</em></span> <span class='ocrx_word' id='word_1_14' title='bbox 1281 543 1492 585; x_wconf 70' lang='lat' dir='ltr'><em>contra«</em></span> 
     </span>
     <span class='ocr_line' id='line_1_6' title="bbox 127 604 1459 664; baseline 0.002 -16"><span class='ocrx_word' id='word_1_15' title='bbox 127 609 333 657; x_wconf 77' lang='lat' dir='ltr'><em>etnam,</em></span> <span class='ocrx_word' id='word_1_16' title='bbox 370 605 716 647; x_wconf 75' lang='lat' dir='ltr'><em>urbm-iorum</em></span> <span class='ocrx_word' id='word_1_17' title='bbox 744 605 902 657; x_wconf 82' lang='lat' dir='ltr'><em>item,</em></span> <span class='ocrx_word' id='word_1_18' title='bbox 941 609 993 647; x_wconf 80' lang='lat' dir='ltr'><em>et</em></span> <span class='ocrx_word' id='word_1_19' title='bbox 1029 604 1459 664; x_wconf 72' lang='lat' dir='ltr'><em>privilegiorum</em></span> 
     </span>
     <span class='ocr_line' id='line_1_7' title="bbox 174 669 1429 726; baseline 0.002 -13"><span class='ocrx_word' id='word_1_20' title='bbox 174 669 454 713; x_wconf 83' lang='lat' dir='ltr'><em>occasione</em></span> <span class='ocrx_word' id='word_1_21' title='bbox 484 669 756 713; x_wconf 80' lang='lat' dir='ltr'><em>examinis</em></span> <span class='ocrx_word' id='word_1_22' title='bbox 785 669 857 712; x_wconf 83' lang='lat' dir='ltr'><em>ad</em></span> <span class='ocrx_word' id='word_1_23' title='bbox 888 683 1078 712; x_wconf 82' lang='lat' dir='ltr'><em>novem</em></span> <span class='ocrx_word' id='word_1_24' title='bbox 1103 676 1310 726; x_wconf 78' lang='lat' dir='ltr'><em>puncta</em></span> <span class='ocrx_word' id='word_1_25' title='bbox 1352 671 1429 714; x_wconf 89' lang='lat' dir='ltr'><em>in-</em></span> 
     </span>
     <span class='ocr_line' id='line_1_8' title="bbox 604 735 1000 795; baseline -0.003 -18"><span class='ocrx_word' id='word_1_26' title='bbox 604 735 1000 795; x_wconf 75' lang='lat' dir='ltr'><em>terrogatoria.</em></span> 
     </span>
    </p>

    <p class='ocr_par' dir='ltr' id='par_1_5' title="bbox 87 827 1495 2808">
     <span class='ocr_line' id='line_1_9' title="bbox 220 827 1490 891; baseline 0 -17"><span class='ocrx_word' id='word_1_27' title='bbox 220 829 284 874; x_wconf 92' lang='lat' dir='ltr'><em>Ut</em></span> <span class='ocrx_word' id='word_1_28' title='bbox 311 828 545 874; x_wconf 79' lang='lat' dir='ltr'><em>universa</em></span> <span class='ocrx_word' id='word_1_29' title='bbox 570 828 838 874; x_wconf 80' lang='lat' dir='ltr'><em>urharialis</em></span> <span class='ocrx_word' id='word_1_30' title='bbox 860 827 1101 891; x_wconf 84' lang='lat' dir='ltr'><em>regulatio</em></span> <span class='ocrx_word' id='word_1_31' title='bbox 1127 827 1178 874; x_wconf 87' lang='lat' dir='ltr'><em>in</em></span> <span class='ocrx_word' id='word_1_32' title='bbox 1206 834 1308 874; x_wconf 91' lang='lat' dir='ltr'><em>toto</em></span> <span class='ocrx_word' id='word_1_33' title='bbox 1337 828 1490 874; x_wconf 90' lang='lat' dir='ltr'><em>comi-</em></span> 
     </span>
     <span class='ocr_line' id='line_1_10' title="bbox 97 907 1493 971; baseline -0.001 -17"><span class='ocrx_word' id='word_1_34' title='bbox 97 913 199 954; x_wconf 82' lang='lat' dir='ltr'><em>tatu</em></span> <span class='ocrx_word' id='word_1_35' title='bbox 224 908 284 953; x_wconf 80' lang='lat' dir='ltr'><em>ad</em></span> <span class='ocrx_word' id='word_1_36' title='bbox 319 909 612 953; x_wconf 87' lang='lat' dir='ltr'><em>celeriorem</em></span> <span class='ocrx_word' id='word_1_37' title='bbox 643 909 845 954; x_wconf 83' lang='lat' dir='ltr'><em>finalem</em></span> <span class='ocrx_word' id='word_1_38' title='bbox 881 908 1247 954; x_wconf 81' lang='lat' dir='ltr'><em>consistentiam</em></span> <span class='ocrx_word' id='word_1_39' title='bbox 1281 907 1493 971; x_wconf 88' lang='lat' dir='ltr'><em>perduci</em></span> 
     </span>
     <span class='ocr_line' id='line_1_11' title="bbox 99 989 1493 1053; baseline 0 -18"><span class='ocrx_word' id='word_1_40' title='bbox 99 989 283 1046; x_wconf 85' lang='lat' dir='ltr'><em>valeat,</em></span> <span class='ocrx_word' id='word_1_41' title='bbox 331 989 602 1035; x_wconf 80' lang='lat' dir='ltr'><em>comissarii</em></span> <span class='ocrx_word' id='word_1_42' title='bbox 642 990 773 1053; x_wconf 83' lang='lat' dir='ltr'><em>regii</em></span> <span class='ocrx_word' id='word_1_43' title='bbox 799 989 977 1035; x_wconf 89' lang='lat' dir='ltr'><em>intenti</em></span> <span class='ocrx_word' id='word_1_44' title='bbox 1001 989 1097 1034; x_wconf 92' lang='lat' dir='ltr'><em>sint</em></span> <span class='ocrx_word' id='word_1_45' title='bbox 1125 1006 1366 1052; x_wconf 77' lang='lat' dir='ltr'><em>perquam</em></span> <span class='ocrx_word' id='word_1_46' title='bbox 1405 989 1493 1035; x_wconf 80' lang='lat' dir='ltr'><em>sol-</em></span> 
     </span>
     <span class='ocr_line' id='line_1_12' title="bbox 93 1067 1492 1124; baseline 0.001 -11"><span class='ocrx_word' id='word_1_47' title='bbox 93 1069 259 1124; x_wconf 80' lang='lat' dir='ltr'><em>licite,</em></span> <span class='ocrx_word' id='word_1_48' title='bbox 294 1075 349 1113; x_wconf 87' lang='lat' dir='ltr'><em>ut</em></span> <span class='ocrx_word' id='word_1_49' title='bbox 372 1068 626 1113; x_wconf 75' lang='lat' dir='ltr'><em>occasione</em></span> <span class='ocrx_word' id='word_1_50' title='bbox 650 1067 763 1124; x_wconf 73' lang='lat' dir='ltr'><em>illa,</em></span> <span class='ocrx_word' id='word_1_51' title='bbox 801 1068 921 1113; x_wconf 87' lang='lat' dir='ltr'><em>dum</em></span> <span class='ocrx_word' id='word_1_52' title='bbox 953 1067 1178 1113; x_wconf 87' lang='lat' dir='ltr'><em>examina</em></span> <span class='ocrx_word' id='word_1_53' title='bbox 1210 1070 1272 1115; x_wconf 82' lang='lat' dir='ltr'><em>ad</em></span> <span class='ocrx_word' id='word_1_54' title='bbox 1313 1085 1492 1115; x_wconf 83' lang='lat' dir='ltr'><em>novem</em></span> 
     </span>
     <span class='ocr_line' id='line_1_13' title="bbox 93 1146 1490 1211; baseline 0 -17"><span class='ocrx_word' id='word_1_55' title='bbox 93 1156 309 1211; x_wconf 83' lang='lat' dir='ltr'><em>puncta,</em></span> <span class='ocrx_word' id='word_1_56' title='bbox 346 1156 395 1193; x_wconf 88' lang='lat' dir='ltr'><em>et</em></span> <span class='ocrx_word' id='word_1_57' title='bbox 419 1146 801 1209; x_wconf 85' lang='lat' dir='ltr'><em>conscriptiones</em></span> <span class='ocrx_word' id='word_1_58' title='bbox 837 1149 1062 1192; x_wconf 86' lang='lat' dir='ltr'><em>locorum</em></span> <span class='ocrx_word' id='word_1_59' title='bbox 1099 1163 1194 1210; x_wconf 87' lang='lat' dir='ltr'><em>per</em></span> <span class='ocrx_word' id='word_1_60' title='bbox 1244 1149 1490 1194; x_wconf 82' lang='lat' dir='ltr'><em>classifica-</em></span> 
     </span>
     <span class='ocr_line' id='line_1_14' title="bbox 96 1228 1492 1290; baseline 0.001 -17"><span class='ocrx_word' id='word_1_61' title='bbox 96 1229 333 1274; x_wconf 85' lang='lat' dir='ltr'><em>tionalem</em></span> <span class='ocrx_word' id='word_1_62' title='bbox 352 1228 724 1289; x_wconf 77' lang='lat' dir='ltr'><em>deputationem</em></span> <span class='ocrx_word' id='word_1_63' title='bbox 744 1236 1122 1285; x_wconf 85' lang='lat' dir='ltr'><em>assummentur,</em></span> <span class='ocrx_word' id='word_1_64' title='bbox 1148 1230 1233 1274; x_wconf 89' lang='lat' dir='ltr'><em>suh</em></span> <span class='ocrx_word' id='word_1_65' title='bbox 1249 1228 1492 1290; x_wconf 79' lang='lat' dir='ltr'><em>praesidio</em></span> 
     </span>
     <span class='ocr_line' id='line_1_15' title="bbox 95 1307 1494 1369; baseline 0.001 -16"><span class='ocrx_word' id='word_1_66' title='bbox 95 1307 370 1353; x_wconf 85' lang='lat' dir='ltr'><em>comissarii</em></span> <span class='ocrx_word' id='word_1_67' title='bbox 397 1307 522 1369; x_wconf 83' lang='lat' dir='ltr'><em>regii</em></span> <span class='ocrx_word' id='word_1_68' title='bbox 562 1307 768 1353; x_wconf 82' lang='lat' dir='ltr'><em>sollicita</em></span> <span class='ocrx_word' id='word_1_69' title='bbox 814 1324 924 1353; x_wconf 89' lang='lat' dir='ltr'><em>cum</em></span> <span class='ocrx_word' id='word_1_70' title='bbox 965 1308 1327 1354; x_wconf 77' lang='lat' dir='ltr'><em>combinatione</em></span> <span class='ocrx_word' id='word_1_71' title='bbox 1359 1308 1494 1354; x_wconf 84' lang='lat' dir='ltr'><em>inve-</em></span> 
     </span>
     <span class='ocr_line' id='line_1_16' title="bbox 90 1386 1492 1450; baseline 0 -17"><span class='ocrx_word' id='word_1_72' title='bbox 90 1388 296 1450; x_wconf 81' lang='lat' dir='ltr'><em>stigetur</em></span> <span class='ocrx_word' id='word_1_73' title='bbox 321 1386 477 1448; x_wconf 87' lang='lat' dir='ltr'><em>(quod</em></span> <span class='ocrx_word' id='word_1_74' title='bbox 502 1387 666 1446; x_wconf 90' lang='lat' dir='ltr'><em>ipsum</em></span> <span class='ocrx_word' id='word_1_75' title='bbox 709 1387 878 1449; x_wconf 87' lang='lat' dir='ltr'><em>utique</em></span> <span class='ocrx_word' id='word_1_76' title='bbox 919 1404 976 1432; x_wconf 86' lang='lat' dir='ltr'><em>ex</em></span> <span class='ocrx_word' id='word_1_77' title='bbox 1014 1389 1257 1450; x_wconf 85' lang='lat' dir='ltr'><em>responsis</em></span> <span class='ocrx_word' id='word_1_78' title='bbox 1302 1389 1364 1433; x_wconf 86' lang='lat' dir='ltr'><em>ad</em></span> <span class='ocrx_word' id='word_1_79' title='bbox 1409 1405 1492 1433; x_wconf 91' lang='lat' dir='ltr'><em>no-</em></span> 
     </span>
     <span class='ocr_line' id='line_1_17' title="bbox 91 1464 1493 1529; baseline 0 -17"><span class='ocrx_word' id='word_1_80' title='bbox 91 1483 209 1513; x_wconf 82' lang='lat' dir='ltr'><em>vem</em></span> <span class='ocrx_word' id='word_1_81' title='bbox 228 1471 414 1529; x_wconf 86' lang='lat' dir='ltr'><em>puncta</em></span> <span class='ocrx_word' id='word_1_82' title='bbox 446 1464 588 1510; x_wconf 77' lang='lat' dir='ltr'><em>facile</em></span> <span class='ocrx_word' id='word_1_83' title='bbox 614 1465 786 1510; x_wconf 87' lang='lat' dir='ltr'><em>resciri</em></span> <span class='ocrx_word' id='word_1_84' title='bbox 824 1473 1012 1528; x_wconf 86' lang='lat' dir='ltr'><em>potest)</em></span> <span class='ocrx_word' id='word_1_85' title='bbox 1047 1485 1170 1529; x_wconf 85' lang='lat' dir='ltr'><em>quae</em></span> <span class='ocrx_word' id='word_1_86' title='bbox 1210 1483 1389 1529; x_wconf 88' lang='lat' dir='ltr'><em>nempe</em></span> <span class='ocrx_word' id='word_1_87' title='bbox 1422 1469 1493 1512; x_wconf 83' lang='lat' dir='ltr'><em>lo-</em></span> 
     </span>
     <span class='ocr_line' id='line_1_18' title="bbox 93 1545 1492 1608; baseline 0 -15"><span class='ocrx_word' id='word_1_88' title='bbox 93 1564 147 1593; x_wconf 84' lang='lat' dir='ltr'><em>ca</em></span> <span class='ocrx_word' id='word_1_89' title='bbox 174 1545 529 1602; x_wconf 77' lang='lat' dir='ltr'><em>contractibus,</em></span> <span class='ocrx_word' id='word_1_90' title='bbox 563 1545 866 1608; x_wconf 83' lang='lat' dir='ltr'><em>privilegiis,</em></span> <span class='ocrx_word' id='word_1_91' title='bbox 920 1552 969 1590; x_wconf 85' lang='lat' dir='ltr'><em>et</em></span> <span class='ocrx_word' id='word_1_92' title='bbox 1011 1547 1249 1602; x_wconf 75' lang='lat' dir='ltr'><em>urhariis,</em></span> <span class='ocrx_word' id='word_1_93' title='bbox 1293 1548 1492 1608; x_wconf 74' lang='lat' dir='ltr'><em>provisa</em></span> 
     </span>
     <span class='ocr_line' id='line_1_19' title="bbox 91 1625 1495 1689; baseline -0.001 -16"><span class='ocrx_word' id='word_1_94' title='bbox 91 1628 320 1683; x_wconf 75' lang='lat' dir='ltr'><em>existant,</em></span> <span class='ocrx_word' id='word_1_95' title='bbox 357 1641 478 1689; x_wconf 84' lang='lat' dir='ltr'><em>quae</em></span> <span class='ocrx_word' id='word_1_96' title='bbox 507 1626 709 1671; x_wconf 91' lang='lat' dir='ltr'><em>omnino</em></span> <span class='ocrx_word' id='word_1_97' title='bbox 741 1625 906 1670; x_wconf 81' lang='lat' dir='ltr'><em>statim</em></span> <span class='ocrx_word' id='word_1_98' title='bbox 935 1625 1204 1687; x_wconf 78' lang='lat' dir='ltr'><em>separatim</em></span> <span class='ocrx_word' id='word_1_99' title='bbox 1231 1634 1495 1672; x_wconf 86' lang='lat' dir='ltr'><em>connoten-</em></span> 
     </span>
     <span class='ocr_line' id='line_1_20' title="bbox 90 1705 1492 1768; baseline -0.001 -16"><span class='ocrx_word' id='word_1_100' title='bbox 90 1715 189 1764; x_wconf 79' lang='lat' dir='ltr'><em>tur,</em></span> <span class='ocrx_word' id='word_1_101' title='bbox 226 1714 273 1751; x_wconf 85' lang='lat' dir='ltr'><em>et</em></span> <span class='ocrx_word' id='word_1_102' title='bbox 297 1706 458 1751; x_wconf 85' lang='lat' dir='ltr'><em>statim</em></span> <span class='ocrx_word' id='word_1_103' title='bbox 483 1712 592 1767; x_wconf 88' lang='lat' dir='ltr'><em>post</em></span> <span class='ocrx_word' id='word_1_104' title='bbox 615 1711 865 1766; x_wconf 73' lang='lat' dir='ltr'><em>peractam</em></span> <span class='ocrx_word' id='word_1_105' title='bbox 887 1705 1304 1750; x_wconf 81' lang='lat' dir='ltr'><em>classificationem</em></span> <span class='ocrx_word' id='word_1_106' title='bbox 1330 1706 1492 1768; x_wconf 86' lang='lat' dir='ltr'><em>quoad</em></span> 
     </span>
     <span class='ocr_line' id='line_1_21' title="bbox 92 1784 1488 1849; baseline -0.002 -17"><span class='ocrx_word' id='word_1_107' title='bbox 92 1787 337 1849; x_wconf 82' lang='lat' dir='ltr'><em>singulum</em></span> <span class='ocrx_word' id='word_1_108' title='bbox 365 1787 531 1830; x_wconf 91' lang='lat' dir='ltr'><em>locum</em></span> <span class='ocrx_word' id='word_1_109' title='bbox 560 1785 819 1846; x_wconf 81' lang='lat' dir='ltr'><em>separatim</em></span> <span class='ocrx_word' id='word_1_110' title='bbox 857 1784 1135 1831; x_wconf 84' lang='lat' dir='ltr'><em>istiusmodi</em></span> <span class='ocrx_word' id='word_1_111' title='bbox 1177 1793 1448 1831; x_wconf 84' lang='lat' dir='ltr'><em>contractus</em></span> <span class='ocrx_word' id='word_1_112' title='bbox 1472 1818 1488 1842; x_wconf 91' lang='lat'><strong>,</strong></span> 
     </span>
     <span class='ocr_line' id='line_1_22' title="bbox 90 1863 1489 1929; baseline 0.001 -19"><span class='ocrx_word' id='word_1_113' title='bbox 90 1866 380 1929; x_wconf 81' lang='lat' dir='ltr'><em>privilegia,</em></span> <span class='ocrx_word' id='word_1_114' title='bbox 417 1872 466 1910; x_wconf 90' lang='lat' dir='ltr'><em>et</em></span> <span class='ocrx_word' id='word_1_115' title='bbox 505 1864 734 1920; x_wconf 81' lang='lat' dir='ltr'><em>urbaria,</em></span> <span class='ocrx_word' id='word_1_116' title='bbox 782 1879 904 1925; x_wconf 84' lang='lat' dir='ltr'><em>quae</em></span> <span class='ocrx_word' id='word_1_117' title='bbox 941 1863 1110 1925; x_wconf 85' lang='lat' dir='ltr'><em>utique</em></span> <span class='ocrx_word' id='word_1_118' title='bbox 1163 1866 1225 1910; x_wconf 80' lang='lat' dir='ltr'><em>ad</em></span> <span class='ocrx_word' id='word_1_119' title='bbox 1256 1882 1489 1928; x_wconf 77' lang='lat' dir='ltr'><em>responsa</em></span> 
     </span>
     <span class='ocr_line' id='line_1_23' title="bbox 92 1943 1487 2007; baseline -0.001 -17"><span class='ocrx_word' id='word_1_120' title='bbox 92 1961 271 1990; x_wconf 84' lang='lat' dir='ltr'><em>novem</em></span> <span class='ocrx_word' id='word_1_121' title='bbox 297 1952 600 2007; x_wconf 89' lang='lat' dir='ltr'><em>punctorum</em></span> <span class='ocrx_word' id='word_1_122' title='bbox 636 1943 826 1988; x_wconf 77' lang='lat' dir='ltr'><em>advolvi</em></span> <span class='ocrx_word' id='word_1_123' title='bbox 877 1943 1145 2003; x_wconf 83' lang='lat' dir='ltr'><em>debebant,</em></span> <span class='ocrx_word' id='word_1_124' title='bbox 1205 1960 1263 1989; x_wconf 86' lang='lat' dir='ltr'><em>ex</em></span> <span class='ocrx_word' id='word_1_125' title='bbox 1309 1945 1487 1990; x_wconf 75' lang='lat' dir='ltr'><em>iisdem</em></span> 
     </span>
     <span class='ocr_line' id='line_1_24' title="bbox 88 2023 1493 2088; baseline -0.003 -15"><span class='ocrx_word' id='word_1_126' title='bbox 88 2042 268 2073; x_wconf 86' lang='lat' dir='ltr'><em>novem</em></span> <span class='ocrx_word' id='word_1_127' title='bbox 293 2025 488 2088; x_wconf 89' lang='lat' dir='ltr'><em>punctis</em></span> <span class='ocrx_word' id='word_1_128' title='bbox 520 2039 619 2070; x_wconf 85' lang='lat' dir='ltr'><em>una</em></span> <span class='ocrx_word' id='word_1_129' title='bbox 644 2040 755 2069; x_wconf 89' lang='lat' dir='ltr'><em>cum</em></span> <span class='ocrx_word' id='word_1_130' title='bbox 794 2023 934 2069; x_wconf 87' lang='lat' dir='ltr'><em>isthic</em></span> <span class='ocrx_word' id='word_1_131' title='bbox 960 2025 1241 2086; x_wconf 84' lang='lat' dir='ltr'><em>pertinente</em></span> <span class='ocrx_word' id='word_1_132' title='bbox 1287 2041 1493 2087; x_wconf 86' lang='lat' dir='ltr'><em>respon-</em></span> 
     </span>
     <span class='ocr_line' id='line_1_25' title="bbox 90 2103 1490 2168; baseline -0.004 -16"><span class='ocrx_word' id='word_1_133' title='bbox 90 2122 142 2152; x_wconf 87' lang='lat' dir='ltr'><em>so</em></span> <span class='ocrx_word' id='word_1_134' title='bbox 173 2105 482 2168; x_wconf 84' lang='lat' dir='ltr'><em>excipiantur</em></span> <span class='ocrx_word' id='word_1_135' title='bbox 511 2112 559 2149; x_wconf 87' lang='lat' dir='ltr'><em>et</em></span> <span class='ocrx_word' id='word_1_136' title='bbox 587 2111 910 2166; x_wconf 84' lang='lat' dir='ltr'><em>excerpantur</em></span> <span class='ocrx_word' id='word_1_137' title='bbox 932 2137 945 2161; x_wconf 89' lang='lat'><strong><em>‚</em></strong></span> <span class='ocrx_word' id='word_1_138' title='bbox 982 2113 1029 2149; x_wconf 84' lang='lat' dir='ltr'><em>et</em></span> <span class='ocrx_word' id='word_1_139' title='bbox 1055 2112 1280 2166; x_wconf 85' lang='lat' dir='ltr'><em>respectu</em></span> <span class='ocrx_word' id='word_1_140' title='bbox 1308 2103 1490 2166; x_wconf 81' lang='lat' dir='ltr'><em>singuli</em></span> 
     </span>
     <span class='ocr_line' id='line_1_26' title="bbox 91 2183 1487 2247; baseline -0.003 -16"><span class='ocrx_word' id='word_1_141' title='bbox 91 2187 186 2231; x_wconf 90' lang='lat' dir='ltr'><em>loci</em></span> <span class='ocrx_word' id='word_1_142' title='bbox 207 2184 472 2247; x_wconf 80' lang='lat' dir='ltr'><em>separatim</em></span> <span class='ocrx_word' id='word_1_143' title='bbox 499 2185 821 2246; x_wconf 81' lang='lat' dir='ltr'><em>colligentur,</em></span> <span class='ocrx_word' id='word_1_144' title='bbox 858 2191 1184 2246; x_wconf 83' lang='lat' dir='ltr'><em>respectuque</em></span> <span class='ocrx_word' id='word_1_145' title='bbox 1217 2183 1397 2245; x_wconf 84' lang='lat' dir='ltr'><em>singuli</em></span> <span class='ocrx_word' id='word_1_146' title='bbox 1419 2184 1487 2227; x_wconf 85' lang='lat' dir='ltr'><em>lo-</em></span> 
     </span>
     <span class='ocr_line' id='line_1_27' title="bbox 93 2264 1487 2327; baseline -0.002 -17"><span class='ocrx_word' id='word_1_147' title='bbox 93 2266 137 2310; x_wconf 89' lang='lat' dir='ltr'><em>ci</em></span> <span class='ocrx_word' id='word_1_148' title='bbox 171 2274 367 2327; x_wconf 79' lang='lat' dir='ltr'><em>excepta</em></span> <span class='ocrx_word' id='word_1_149' title='bbox 408 2265 683 2311; x_wconf 86' lang='lat' dir='ltr'><em>istiusmodi</em></span> <span class='ocrx_word' id='word_1_150' title='bbox 742 2272 1003 2325; x_wconf 79' lang='lat' dir='ltr'><em>provocata</em></span> <span class='ocrx_word' id='word_1_151' title='bbox 1060 2264 1351 2309; x_wconf 82' lang='lat' dir='ltr'><em>documenta</em></span> <span class='ocrx_word' id='word_1_152' title='bbox 1395 2280 1487 2325; x_wconf 89' lang='lat' dir='ltr'><em>per</em></span> 
     </span>
     <span class='ocr_line' id='line_1_28' title="bbox 90 2343 1482 2408; baseline -0.003 -16"><span class='ocrx_word' id='word_1_153' title='bbox 90 2345 340 2392; x_wconf 81' lang='lat' dir='ltr'><em>notarium</em></span> <span class='ocrx_word' id='word_1_154' title='bbox 381 2347 601 2408; x_wconf 85' lang='lat' dir='ltr'><em>specifice</em></span> <span class='ocrx_word' id='word_1_155' title='bbox 643 2351 1001 2400; x_wconf 83' lang='lat' dir='ltr'><em>connotentur,</em></span> <span class='ocrx_word' id='word_1_156' title='bbox 1049 2360 1103 2387; x_wconf 81' lang='lat' dir='ltr'><em>ac</em></span> <span class='ocrx_word' id='word_1_157' title='bbox 1137 2360 1227 2406; x_wconf 85' lang='lat' dir='ltr'><em>per</em></span> <span class='ocrx_word' id='word_1_158' title='bbox 1271 2343 1482 2388; x_wconf 83' lang='lat' dir='ltr'><em>eundem</em></span> 
     </span>
     <span class='ocr_line' id='line_1_29' title="bbox 88 2421 1485 2488; baseline -0.004 -17"><span class='ocrx_word' id='word_1_159' title='bbox 88 2426 422 2488; x_wconf 82' lang='lat' dir='ltr'><em>recipiantur,</em></span> <span class='ocrx_word' id='word_1_160' title='bbox 461 2427 849 2488; x_wconf 79' lang='lat' dir='ltr'><em>disponaturque</em></span> <span class='ocrx_word' id='word_1_161' title='bbox 886 2423 1078 2480; x_wconf 70' lang='lat' dir='ltr'><em>statim,</em></span> <span class='ocrx_word' id='word_1_162' title='bbox 1114 2431 1166 2468; x_wconf 87' lang='lat' dir='ltr'><em>ut</em></span> <span class='ocrx_word' id='word_1_163' title='bbox 1215 2421 1485 2468; x_wconf 79' lang='lat' dir='ltr'><em>istiusmodi</em></span> 
     </span>
     <span class='ocr_line' id='line_1_30' title="bbox 91 2501 1487 2568; baseline -0.001 -18"><span class='ocrx_word' id='word_1_164' title='bbox 91 2513 389 2562; x_wconf 79' lang='lat' dir='ltr'><em>contractus,</em></span> <span class='ocrx_word' id='word_1_165' title='bbox 420 2506 698 2568; x_wconf 66' lang='lat' dir='ltr'><em>privilegia,</em></span> <span class='ocrx_word' id='word_1_166' title='bbox 732 2511 778 2548; x_wconf 87' lang='lat' dir='ltr'><em>et</em></span> <span class='ocrx_word' id='word_1_167' title='bbox 816 2501 1083 2549; x_wconf 75' lang='lat' dir='ltr'><em>urhariain</em></span> <span class='ocrx_word' id='word_1_168' title='bbox 1121 2502 1364 2563; x_wconf 81' lang='lat' dir='ltr'><em>primitus,</em></span> <span class='ocrx_word' id='word_1_169' title='bbox 1399 2510 1487 2548; x_wconf 51' lang='lat' dir='ltr'><em>stan</em></span> 
     </span>
     <span class='ocr_line' id='line_1_31' title="bbox 87 2584 1483 2648; baseline -0.002 -19"><span class='ocrx_word' id='word_1_170' title='bbox 87 2585 178 2629; x_wconf 85' lang='lat' dir='ltr'><em>tim</em></span> <span class='ocrx_word' id='word_1_171' title='bbox 193 2587 404 2632; x_wconf 77' lang='lat' dir='ltr'><em>verohoc</em></span> <span class='ocrx_word' id='word_1_172' title='bbox 418 2587 512 2631; x_wconf 83' lang='lat' dir='ltr'><em>fine</em></span> <span class='ocrx_word' id='word_1_173' title='bbox 529 2585 843 2648; x_wconf 78' lang='lat' dir='ltr'><em>praefigenda</em></span> <span class='ocrx_word' id='word_1_174' title='bbox 882 2584 1037 2629; x_wconf 61' lang='lat' dir='ltr'><em>sech-ia</em></span> <span class='ocrx_word' id='word_1_175' title='bbox 1062 2590 1417 2628; x_wconf 80' lang='lat' dir='ltr'><em>assummantur</em></span> <span class='ocrx_word' id='word_1_176' title='bbox 1434 2590 1483 2627; x_wconf 71' lang='lat' dir='ltr'><em>et</em></span> 
     </span>
     <span class='ocr_line' id='line_1_32' title="bbox 88 2662 1482 2726; baseline -0.001 -18"><span class='ocrx_word' id='word_1_177' title='bbox 88 2664 330 2726; x_wconf 83' lang='lat' dir='ltr'><em>Majestati</em></span> <span class='ocrx_word' id='word_1_178' title='bbox 361 2682 471 2710; x_wconf 86' lang='lat' dir='ltr'><em>suae</em></span> <span class='ocrx_word' id='word_1_179' title='bbox 494 2665 847 2710; x_wconf 68' lang='lat' dir='ltr'><em>sacratissimae</em></span> <span class='ocrx_word' id='word_1_180' title='bbox 881 2665 958 2709; x_wconf 76' lang='lat' dir='ltr'><em>via</em></span> <span class='ocrx_word' id='word_1_181' title='bbox 1003 2662 1204 2709; x_wconf 82' lang='lat' dir='ltr'><em>Consilii</em></span> <span class='ocrx_word' id='word_1_182' title='bbox 1245 2663 1366 2725; x_wconf 77' lang='lat' dir='ltr'><em>regii</em></span> <span class='ocrx_word' id='word_1_183' title='bbox 1414 2662 1482 2706; x_wconf 68' lang='lat' dir='ltr'><em>lo⁴²</em></span> 
     </span>
     <span class='ocr_line' id='line_1_33' title="bbox 92 2742 1480 2808; baseline -0.002 -22"><span class='ocrx_word' id='word_1_184' title='bbox 92 2744 487 2790; x_wconf 76' lang='lat' dir='ltr'><em>cumtenentialis</em></span> <span class='ocrx_word' id='word_1_185' title='bbox 532 2751 999 2808; x_wconf 69' lang='lat' dir='ltr'><em>repraesententur3</em></span> <span class='ocrx_word' id='word_1_186' title='bbox 1065 2759 1211 2806; x_wconf 87' lang='lat' dir='ltr'><em>super</em></span> <span class='ocrx_word' id='word_1_187' title='bbox 1267 2742 1480 2788; x_wconf 80' lang='lat' dir='ltr'><em>termino</em></span> 
     </span>
    </p>
   </div>
   <div class='ocr_carea' id='block_1_5' title="bbox 1131 2823 1221 2869">
    <p class='ocr_par' dir='ltr' id='par_1_6' title="bbox 1131 2823 1221 2869">
     <span class='ocr_line' id='line_1_34' title="bbox 1131 2823 1221 2869; baseline -0.011 0"><span class='ocrx_word' id='word_1_188' title='bbox 1131 2825 1171 2869; x_wconf 72' lang='lat' dir='ltr'><em>H,</em></span> <span class='ocrx_word' id='word_1_189' title='bbox 1189 2823 1221 2868; x_wconf 79' lang='lat' dir='ltr'>h</span> 
     </span>
    </p>
   </div>
  </div>
 </body>
</html>
