1669 3189
741 188 1080 246 2024qu

211 296 388 343 deduci
415 294 593 357 possit,
651 291 710 335 ad
758 292 1100 354 quaestionem
1154 299 1315 342 tamen
1344 297 1492 354 hanc,
1540 313 1604 345 an

214 376 560 428 communitas,
608 372 696 416 etsi
738 379 987 417 contractu
1026 375 1236 435 perenni
1279 376 1406 421 haud
1442 377 1604 439 provi-

211 474 293 513 sa,
330 466 580 514 nunquam
611 467 728 496 vero
764 453 1076 499 urbarialiter
1109 461 1310 500 tractata
1347 456 1605 501 urbariali-

209 538 297 583 bus
325 530 643 580 servitutibus
677 531 851 592 subjici
883 534 1062 595 possit,
1117 535 1466 593 decidendam,
1500 554 1600 582 non

210 631 312 660 esse
339 612 692 676 necessarium,
748 621 802 657 ut
834 612 1158 659 instrumenta
1196 623 1244 660 et
1272 616 1457 679 probae
1495 633 1606 664 con-

211 701 388 740 tractus
411 693 781 756 perennalitatis
817 694 1146 753 adducantur3
1195 696 1436 759 siquidem
1475 695 1605 742 ratio

207 775 516 821 tractamenti
561 763 896 821 contr-actualis
920 807 934 832 ,
983 791 1104 838 quae
1144 782 1354 822 aetatem
1392 776 1605 823 hominis

211 854 523 912 existentiae,
581 863 628 901 et
669 855 794 901 vitae
823 855 1010 918 attigit,
1059 855 1302 901 exclusam
1344 857 1394 902 in
1433 857 1607 903 eodem

218 935 366 979 etiam
391 933 574 978 defixae
603 934 966 994 perennalitatis
998 935 1309 981 mentionem
1338 938 1480 982 tacite
1499 954 1610 1000 qua-

214 1016 468 1060 damtenus
499 1013 751 1059 involvere
775 1013 996 1057 videatur
1019 1046 1034 1070 ,
1072 1015 1218 1070 adeo,
1259 1023 1314 1060 ut
1349 1017 1453 1061 talis
1483 1017 1611 1062 defe-

213 1104 336 1152 ctus,
365 1111 460 1157 quo
497 1093 651 1156 magis
689 1091 1027 1138 conditionum
1053 1109 1078 1138 a
1112 1093 1486 1142 circumstantiis
1533 1095 1612 1140 de-

213 1174 537 1239 pendentium
560 1205 575 1229 ,
612 1189 757 1234 quam
796 1172 949 1234 ipsius
980 1173 1324 1218 contractualis
1354 1190 1466 1219 usus
1500 1191 1611 1235 per-

211 1256 503 1320 petuitatem
553 1253 699 1296 vitari
747 1252 956 1299 voluisse
1010 1254 1456 1316 praesupponitur,
1502 1270 1611 1299 nor-

211 1353 347 1383 mam
377 1333 715 1379 contractualis
737 1334 1051 1380 tractamenti
1079 1336 1350 1380 nullatenus
1372 1341 1609 1393 evertere3

215 1427 262 1464 et
287 1414 956 1477 urbarialemregulationem
981 1415 1093 1460 huic
1114 1414 1407 1460 substituere
1439 1421 1598 1476 queat.

808 1542 931 1578 ΛΒΤ.
979 1543 1103 1581 ΧΙῙΙ.

279 1628 362 1671 De
411 1622 767 1668 arendatitiis
801 1622 1227 1679 particularium
1272 1622 1579 1667 incolarum

714 1689 1102 1732 contractibus.
1638 1689 1643 1693 ’

343 1811 717 1857 Particularium
739 1810 1013 1855 incolarum
1056 1810 1377 1856 arendatitiae
1406 1826 1609 1863 conven-

177 1893 398 1949 nones,
445 1899 526 1936 aut
570 1898 843 1937 contractus
889 1890 1163 1937 urbariales
1207 1891 1260 1936 in
1312 1892 1470 1937 sedria
1503 1892 1607 1955 qui-

218 1973 333 2018 dem
362 1970 709 2027 revideantur,
746 1976 1002 2033 comperto
1034 1975 1200 2014 tamen
1228 1986 1306 2029 eo,
1342 1971 1473 2033 quod
1502 1958 1603 2042 spu
1657 1962 1661 1968 ¹

217 2055 314 2099 sint
343 2053 609 2116 aggravati,
641 2050 854 2097 Consilio
877 2050 1012 2113 regio
1040 2050 1464 2096 locumtenentiali
1507 2069 1607 2098 non

213 2133 587 2188 submittantur,
627 2130 876 2176 occasione
902 2129 1222 2176 nihilominus
1251 2147 1440 2176 annuae
1464 2131 1606 2177 *inve-

213 2213 484 2277 stigationis
510 2211 828 2256 urbm-iorum
853 2210 1264 2273 magistratuales,
1314 2211 1430 2256 tales
1460 2210 1609 2273 parti-

216 2298 405 2342 culares
440 2308 631 2356 quoque
665 2296 940 2336 contractus
966 2289 1105 2352 operi
1141 2289 1522 2353 investigationis
1555 2289 1610 2335 in

212 2377 371 2438 specie
408 2374 666 2420 adnectere
711 2376 1004 2426 teneantur,
1071 2386 1166 2432 quo
1224 2368 1449 2414 adruinus
1495 2376 1607 2415 tunc

213 2454 435 2518 cognosci
468 2453 648 2516 possit,
688 2469 749 2497 an
779 2451 1070 2497 contrahens
1112 2452 1313 2499 colonus
1354 2467 1444 2514 per
1484 2451 1606 2513 ejus-

214 2537 352 2581 modi
388 2530 690 2581 contractum
732 2532 856 2593 justo
898 2531 1006 2593 plus
1053 2547 1150 2575 non
1192 2538 1436 2594 gravetur.
1505 2531 1604 2575 Hoc

212 2630 329 2660 vero
366 2615 445 2659 hic
489 2616 803 2668 observetur,
850 2610 981 2674 quod
1027 2610 1376 2657 conventiones
1418 2617 1466 2656 et
1492 2625 1606 2655 con.

211 2702 390 2740 tractus
428 2697 581 2750 tales,
630 2695 711 2756 qui
753 2693 881 2737 inter
916 2690 1129 2754 aliquem
1168 2681 1423 2737 dominum
1452 2697 1606 2736 terr-1³:-¹

212 2784 360 2822 strem
383 2807 396 2832 ,
435 2789 614 2836 paucos
637 2791 678 2820 e.
705 2790 749 2835 g.
784 2778 909 2823 5-4
934 2775 1012 2821 vel
1046 2785 1072 2821 5
1101 2774 1323 2834 subditos.
1341 2773 1603 2821 habentem
