1669 3189
695 186 765 199 w·-
823 165 906 216 542
966 189 1037 201 -w-

179 289 227 327 et
266 281 358 324 hoc
390 277 532 323 titulo
557 287 699 318 causa
726 272 786 318 ad
809 273 939 319 viam
979 272 1102 336 juris
1130 274 1431 324 ordinariam
1454 279 1576 326 invi-

189 362 312 406 anda
342 356 637 405 censebitur.
707 357 710 361 ’

313 453 357 488 5-
391 437 437 482 Si
472 440 779 479 occurrentes
815 451 949 481 casus
973 435 1065 498 per
1099 437 1145 482 h.
1177 437 1422 482 normales
1447 455 1577 484 reso-

185 521 395 568 lutiones
423 514 571 560 decisi
595 531 691 560 non
715 515 825 560 sint.

312 601 355 645 6.
395 596 471 641 Illi
518 612 711 658 quoque
761 612 896 641 casus
946 596 1031 641 ubi
1067 597 1127 642 de
1168 597 1577 643 abaestimationi-

179 685 265 729 bus
299 712 313 736 ,⁹
362 685 444 722 aut
499 677 917 724 eliminationibus
987 678 1297 735 colonorum,
1345 696 1436 724 nec
1477 695 1577 724 non

180 765 239 808 de
265 758 477 824 graviori
506 759 735 821 quapiam
763 776 924 821 poena
948 776 1032 805 seu
1057 761 1260 818 colonis,
1296 762 1380 806 se'u
1410 758 1572 804 officio

180 841 301 886 latui
333 840 557 885 dictanda
591 839 769 901 agitur.

316 933 361 968 ’[-
395 919 669 965 Protocolla
698 919 967 963 urbarialia
1010 921 1200 982 pariter
1242 921 1480 966 altissimo
1511 921 1582 966 lo-

182 1018 236 1047 co
271 999 611 1046 submittenda.

313 1090 356 1129 8.
399 1080 558 1140 Super
612 1076 851 1123 instantiis
895 1079 1222 1125 urbarialibus
1251 1113 1265 1137 ,
1313 1097 1405 1142 pro
1445 1095 1583 1143 prae·
1638 1102 1642 1105 ·

181 1161 356 1208 standa
381 1158 729 1205 informatione
751 1160 1126 1221 transponendis
1145 1194 1160 1218 ,
1197 1177 1309 1207 suae
1337 1161 1583 1224 Majestati

181 1241 531 1288 sacratissimae
565 1239 823 1286 relationes
847 1241 1222 1300 submittantur3
1257 1249 1406 1304 prout
1439 1250 1487 1287 et

314 1333 357 1377 9.
394 1322 646 1366 Processus
673 1322 947 1367 urbariales
975 1322 1049 1367 illi
1068 1357 1082 1380 ,
1117 1325 1168 1368 in
1203 1324 1378 1386 quibus
1407 1321 1586 1367 sedria-

178 1403 239 1447 lis
263 1402 501 1448 sententia
525 1419 673 1464 penes
704 1403 972 1448 Consilium
1014 1404 1211 1467 regium
1257 1405 1586 1448 locumtenen-

182 1482 296 1528 tiale
314 1483 366 1527 in
400 1484 627 1529 stricto
661 1483 891 1529 merito
916 1483 1235 1530 reformanda
1260 1484 1584 1530 adinvenitur.

184 1566 301 1611 Nro.
339 1564 436 1609 aul.
484 1570 654 1611 12848.
696 1572 833 1611 1801.
1396 1552 1406 1559 ’

325 1654 395 1690 10.
431 1644 686 1687 Processus
721 1643 783 1687 ad
817 1643 1132 1689 reluitionem
1158 1643 1579 1706 extirpaturarum

185 1727 299 1773 ΝΠ),
325 1724 422 1773 aul.
451 1729 591 1771 5470.
613 1727 750 1771 1816.

323 1815 394 1849 11.
459 1803 712 1846 Processus
767 1803 829 1847 ad
879 1802 1198 1848 sublationem
1245 1803 1585 1849 contractualis

189 1883 519 1929 tractamenti.
556 1884 669 1941 Nro.
698 1884 794 1928 aul.
826 1895 968 1933 2173.
1007 1888 1147 1934 1816.
1173 1891 1265 1936 etc,

740 2011 862 2048 ΛΒΤ.
908 2013 984 2047 ΙΧ.

192 2110 275 2154 De
314 2123 443 2153 casu
484 2109 650 2154 decisi
680 2108 812 2170 jam
850 2128 1132 2170 processus
1159 2114 1464 2158 urbm-iulis
1491 2131 1589 2174 per

380 2176 871 2233 complanationem
901 2182 1130 2224 amicam
1157 2180 1415 2237 expediti.

326 2281 383 2326 In
424 2298 661 2344 processu
696 2285 935 2331 urbariali
974 2286 1103 2332 circa
1126 2287 1481 2349 proprietatem
1509 2304 1592 2351 pa-

196 2361 327 2407 ludis
365 2365 562 2409 Ranisai
593 2367 777 2423 Berek‚
812 2383 904 2428 per
943 2368 1241 2430 oppid-‘mam
1268 2367 1591 2425 communita-

198 2447 299 2484 tem
344 2445 481 2506 Nagy
536 2453 583 2490 et
627 2447 726 2492 Hiss
792 2449 963 2493 Hanisa
1020 2448 1072 2493 in
1129 2449 1367 2502 comitatu
1406 2448 1589 2494 Szalad.

200 2531 365 2568 contra
411 2527 687 2573 dominium
726 2527 1005 2574 terrestrale
1049 2546 1213 2574 coram
1261 2529 1378 2588 sede
1439 2529 1593 2573 domi-

200 2603 299 2646 nali
333 2605 496 2664 moto,
548 2607 606 2652 ab
635 2609 748 2653 hinc
790 2616 951 2653 autem
990 2610 1221 2656 revisioni
1252 2609 1374 2657 sedis
1395 2609 1595 2672 judicia-

202 2682 307 2727 riae
350 2683 569 2743 ejusdem
615 2687 870 2734 comitatus
912 2690 1147 2735 substrato
1176 2723 1191 2748 ,
1226 2691 1400 2736 eadem
1434 2689 1594 2735 sedria

205 2772 488 2826 sequentem
512 2768 620 2812 tulit
652 2770 943 2819 sententiam
971 2778 1073 2817 tam
1113 2772 1164 2818 in
1213 2769 1421 2819 Consilio
1456 2768 1593 2833 regio
