1669 3189
706 195 776 207 a..
834 173 914 217 ¹⁸32
973 196 1041 207 m

197 294 294 331 tam
323 282 478 346 quoad
516 279 839 333 substratum,
883 293 1030 338 quam
1074 276 1225 320 relate
1266 278 1328 322 ad
1364 267 1580 324 indolem

192 360 544 429 praetensionis
590 374 616 401 a
652 375 699 403 se
733 356 946 402 invicem
1001 355 1273 400 differentia
1304 356 1584 420 gravamina

193 448 271 491 vel
299 449 474 506 puncta
495 454 590 484 uno
607 438 772 484 libello
792 437 1019 483 actionali
1041 437 1412 499 comprehendi,
1429 437 1585 500 (quod.

198 521 476 582 ceteroquin
492 517 881 580 frequentissime
908 517 1200 579 contingit3)
1230 523 1278 560 et
1300 517 1455 578 quoad
1489 534 1587 560 om-

196 604 278 649 nia
308 603 356 645 in
386 598 646 659 complexu
690 615 775 642 suo
804 596 978 642 ordine
1004 602 1051 640 et
1092 596 1215 641 serie
1259 595 1475 656 justiciae
1514 596 1592 639 ad-

194 678 487 728 ministratio
527 678 751 724 obtineri.
839 678 1067 722 Rariores
1103 683 1212 722 sunt
1244 677 1293 721 in
1321 676 1424 720 soro
1453 676 1595 734 urba-

196 761 316 806 riali
361 759 661 821 exceptiones
708 758 854 813 illae,
917 773 1041 818 quae
1091 773 1224 801 secus
1263 756 1314 800 in
1364 753 1587 818 juridicis

196 840 497 904 processibus
523 845 751 899 tanquam
776 838 978 882 usitatae
1010 838 1066 881 de
1095 836 1204 898 jure
1229 836 1568 881 admittuntur.

326 919 461 964 Actio
482 951 494 974 ,
535 933 619 960 seu
653 916 1037 961 instrumentum
1071 917 1222 972 illud,
1272 933 1363 977 quo
1403 931 1514 977 pars
1544 915 1595 971 Λ,

196 999 594 1062 praetensionem
619 1012 755 1040 suam
788 995 1010 1057 quaerit,
1059 996 1207 1040 debet
1242 1012 1338 1040 una
1369 1011 1480 1039 cum
1521 1008 1595 1036 ac-

199 1080 365 1133 clusis,
424 1079 461 1122 si
498 1078 698 1132 adsunt,
737 1075 1038 1120 documentis
1066 1075 1198 1135 parti
1232 1077 1265 1120 I.
1293 1091 1379 1119 seu
1405 1075 1455 1118 in
1491 1089 1597 1118 cau-

203 1175 304 1204 sam
327 1165 553 1202 attractae
585 1171 723 1200 more
752 1156 892 1199 solito
933 1153 1320 1211 communicari,
1357 1167 1478 1214 quae
1506 1167 1596 1212 pro

202 1239 360 1282 defixo
403 1236 615 1280 termino
661 1242 914 1297 comparet
969 1250 1133 1279 coram
1178 1232 1394 1293 judicio,
1431 1239 1480 1276 et
1508 1246 1606 1275 res-

204 1334 413 1380 ponsum
446 1334 588 1362 suum
617 1317 835 1361 adornat.
897 1312 1166 1376 Nunquam
1188 1330 1304 1358 vero
1329 1314 1464 1376 prius
1492 1331 1604 1376 pars

204 1402 254 1442 A.
282 1415 564 1460 processum
593 1404 818 1452 moveat,
869 1395 966 1440 nisi
1007 1395 1204 1457 praevie
1251 1395 1310 1438 de
1349 1394 1606 1450 omnibus,
1665 1428 1667 1430 -

205 1495 325 1540 quae
346 1478 712 1540 legitimandae,
745 1492 831 1520 seu
870 1474 1032 1519 debite
1065 1475 1368 1536 probandae,
1403 1483 1449 1519 et
1477 1475 1606 1519 evin-

207 1559 386 1602 cendae
421 1556 722 1618 pratensioni
745 1562 826 1598 aut
857 1554 1159 1598 desideratae
1186 1555 1469 1615 aquisitioni
1491 1571 1607 1600 suae

204 1638 528 1692 subserviunt,
556 1635 840 1679 necessariis
877 1633 1212 1679 instrumentis
1237 1634 1328 1678 sibi
1358 1651 1610 1696 prospexe-

207 1718 285 1762 rit.
368 1718 516 1761 Partis
556 1717 744 1760 incatae
821 1713 1138 1774 obligationis
1183 1721 1283 1768 est,
1364 1714 1601 1760 substrato

213 1797 442 1842 actionali
470 1796 781 1858 respondere,
812 1801 857 1839 et
882 1810 965 1850 ea,
1002 1810 1122 1856 quae
1161 1795 1240 1839 vel
1279 1796 1339 1840 ad
1375 1794 1603 1854 rejicien-

216 1878 329 1922 dam
366 1893 420 1920 ex
455 1877 648 1938 integro
680 1866 858 1918 actoris
894 1874 1325 1936 praetensionem,
1361 1876 1439 1919 vel
1480 1891 1605 1921 vero

216 1958 277 2001 ad
313 1956 518 2000 eandem
548 1953 955 2010 modificandam,
991 1954 1069 1998 vel
1105 1954 1234 2015 quali
1265 1954 1466 1998 demum
1493 1970 1604 1998 cun-

217 2053 311 2099 que
359 2036 446 2081 sub
492 2035 668 2079 obtutu
713 2033 1124 2078 considerandam
1169 2040 1391 2095 spectare
1443 2032 1612 2096 digno-

220 2125 450 2172 scuntur,
487 2116 731 2160 adducere
755 2147 768 2171 ,
806 2121 852 2158 et
894 2113 1101 2159 adducta
1136 2114 1299 2174 probis
1349 2112 1609 2176 fidedignis

215 2195 402 2242 fulcire.
457 2197 694 2239 Latarum
728 2210 784 2240 ex
815 2212 838 2239 c
859 2194 1233 2240 ontumacia
1258 2192 1612 2238 sententiarum

218 2276 440 2336 exempla
468 2274 519 2319 in
552 2274 883 2320 urbarialibus
914 2292 1009 2320 non
1038 2280 1316 2330 occurrunt,
1351 2272 1434 2317 sed
1468 2280 1514 2318 et
1546 2287 1615 2317 se-

220 2373 301 2401 cus
345 2355 468 2400 ratio
510 2356 626 2417 justi
662 2356 840 2418 exigit,
891 2362 946 2400 ut
988 2354 1126 2399 isthic
1170 2371 1228 2401 ea
1269 2369 1445 2400 norma
1473 2352 1612 2410 iniri,

222 2442 269 2478 et
294 2435 541 2480 observari
572 2436 775 2490 debeat,
832 2451 952 2498 quae
988 2435 1172 2482 mutuis
1200 2436 1421 2497 partium
1453 2451 1612 2496 respe-

224 2513 462 2559 ctivarum
512 2516 918 2560 correlationibus
994 2515 1153 2560 debite
1218 2514 1613 2577 correspondeat.

219 2595 400 2639 Natura
428 2612 678 2656 processus
707 2611 871 2641 secum
906 2593 1002 2640 fert
1023 2627 1036 2650 ,
1084 2602 1136 2639 ut
1173 2595 1297 2640 dicta
1329 2600 1375 2639 et
1409 2592 1614 2654 allegata

221 2672 440 2734 partibus
474 2674 774 2736 litigantibus
802 2682 974 2721 mutuo
1010 2674 1462 2730 communicentur,
1503 2689 1613 2734 qua·
1662 2732 1666 2735 μ

222 2759 364 2798 tenus
429 2770 540 2813 pars
589 2761 800 2819 utraque
865 2757 915 2802 in
952 2771 1064 2800 rem
1123 2771 1257 2801 suam
1332 2759 1617 2816 argumenta
