1669 3189
694 249 762 259 *w-
821 232 903 272 360
964 249 1034 262 -m

587 290 623 323 O
1281 318 1287 323 .

182 351 295 381 nem
323 334 538 380 rohottae
569 336 834 380 convehere
859 335 1134 392 tenebitur,
1171 336 1328 380 omnis
1361 332 1563 378 interim

178 418 269 461 alia
292 418 485 479 frugum
513 415 658 459 etiam
687 415 1020 473 decimalium,
1051 425 1098 461 et
1128 415 1431 461 allodialium
1455 430 1563 458 con-

177 498 359 552 vectio,
407 494 783 557 praejuncturae
824 498 942 542 item
976 505 1020 543 et
1045 503 1274 542 vecturae
1295 528 1308 550 ‚
1355 510 1438 540 seu
1467 493 1566 557 pri-

178 578 326 629 vatis,
378 594 460 620 scu
489 592 602 619 vero
631 578 840 637 publicis
874 579 1080 642 negotiis
1103 577 1304 622 domino
1332 581 1413 618 aut
1443 573 1565 632 ejus-

181 658 291 701 dem
341 655 536 700 officiali
586 659 933 719 praebendae,¹
988 661 1341 719 literarumque
1395 654 1567 714 depor-

185 738 331 791 tatio,
385 742 431 778 tt
471 735 589 782 alius
625 738 953 801 cuiuscunque
984 739 1174 802 generis
1201 738 1339 782 labor
1368 733 1570 779 rustico-

177 832 288 858 rum
323 823 516 876 praeter
558 817 666 874 illa,
722 836 841 881 quae
880 820 929 864 in
968 820 1086 874 hoc,
1136 825 1182 862 et
1219 814 1327 860 aliis
1373 812 1566 875 punctis

175 912 392 955 expresse
418 897 722 942 declarantur
742 933 754 954 ‚
791 898 840 944 in
875 902 1116 944 robottam
1147 894 1454 941 urbarialem
1479 892 1574 944 ἰηι-ι

175 975 417 1034 putandus
456 977 632 1022 veniet.

302 1054 340 1113 ᾗ.
377 1059 447 1103 16.
482 1059 557 1102 De
586 1065 750 1102 cetero
780 1060 839 1104 ad
862 1060 1209 1121 praestandam
1257 1054 1570 1117 qualemcun-

176 1151 266 1195 que
308 1136 454 1181 etiam
501 1154 591 1198 pro
649 1138 810 1200 pretio
859 1148 1110 1184 vecturam
1158 1139 1345 1188 colonos
1394 1132 1568 1177 invitos

181 1216 476 1275 compellere
504 1233 603 1261 non
636 1218 833 1273 licebit,
886 1234 1063 1262 verum
1100 1217 1139 1261 si
1177 1214 1407 1260 dominus
1449 1213 1572 1257 colo-

172 1309 291 1335 num
333 1301 466 1337 extra
503 1297 751 1337 robottam
789 1311 880 1355 pro
931 1294 1216 1338 devectione
1269 1293 1569 1338 naturalium

177 1372 237 1414 ad
270 1372 510 1416 nundinas
548 1374 624 1418 vel
668 1374 800 1429 sora,
857 1374 931 1417 vel
973 1374 1068 1417 alio
1102 1374 1380 1417 conducere
1413 1372 1571 1427 vellet,

175 1468 285 1496 cum
309 1448 520 1507 ‘colono,
570 1469 628 1496 an
676 1459 723 1495 et
759 1469 852 1515 qua
885 1453 1115 1496 mercede
1154 1459 1412 1496 vecturam
1445 1452 1570 1512 ejus-

174 1529 311 1577 modi
342 1538 591 1592 praestare
622 1531 816 1594 cupiat,
870 1531 1258 1578 conveniendum
1291 1530 1412 1586 erit,
1449 1530 1568 1573 citra

174 1609 324 1654 ullam
353 1610 666 1656 coactionem.

304 1697 340 1742 ᾗ.
377 1702 450 1738 17.
485 1691 554 1734 Ad
583 1691 889 1752 extirpandas
919 1707 1117 1753 rapaces
1144 1691 1296 1747 feras,
1340 1690 1425 1734 ubi
1450 1690 1567 1734 tales

173 1772 524 1831 reperiuntur,
571 1772 727 1816 coloni
770 1779 901 1816 extra
944 1771 1192 1816 robottam
1226 1771 1454 1816 triduana
1490 1787 1569 1814 ve-

177 1849 392 1906 natione,
419 1850 626 1912 acceptis
661 1866 687 1893 a
716 1849 936 1894 dominio
965 1851 1170 1912 plumbo
1198 1858 1245 1895 et
1273 1852 1474 1913 pulvere
1500 1851 1570 1912 pi-

175 1930 250 1973 rio
275 1929 598 1986 tenebuntur,
648 1930 715 1974 ita
739 1938 932 1986 tamen,
995 1937 1047 1973 ut
1073 1930 1162 1974 hoc
1195 1931 1461 1977 venationis
1489 1931 1569 1977 ob-

175 2009 418 2071 ligamen,
477 2027 562 2056 nec
600 2009 649 2056 in
689 2010 834 2055 aliam
871 2009 1058 2055 servitii
1101 2011 1315 2071 speciem
1340 2013 1568 2057 immute-

175 2095 286 2144 tur,
343 2106 501 2151 neque
549 2106 638 2151 per
680 2087 928 2133 subditum
983 2104 1095 2132 aere
1139 2089 1214 2134 vel
1266 2092 1567 2138 naturalibus

178 2169 468 2225 redimatur.
1190 2156 1193 2157 ⁷

308 2248 346 2308 ᾗ.
382 2258 452 2297 18.
490 2248 721 2311 Quamvis
765 2249 960 2292 colonus
998 2265 1082 2294 seu
1120 2247 1172 2294 in
1219 2250 1457 2307 servitiis,
1517 2259 1566 2296 et

176 2327 378 2373 rohouis
405 2328 754 2385 dominalibus,
791 2345 871 2374 seu
902 2345 1015 2374 vero
1045 2328 1106 2373 ad
1138 2331 1462 2390 perficiendos
1494 2332 1560 2378 la-

177 2410 319 2455 bores
341 2427 445 2454 suos
478 2409 851 2464 oeconomiales,
901 2416 981 2453 aut
1015 2409 1074 2454 ad
1108 2411 1292 2454 molam
1320 2428 1410 2472 pro
1441 2428 1567 2456 com-

180 2489 434 2534 moliendis
459 2489 677 2552 frugibus
712 2491 808 2534 suis
841 2491 1027 2546 eundo,
1084 2491 1327 2535 telonium
1363 2491 1564 2537 domino

183 2587 266 2614 suo
301 2571 485 2614 solvere
519 2587 613 2616 non
654 2577 901 2626 teneatur,
960 2569 1129 2632 quodsi
1174 2577 1336 2616 tamen
1371 2570 1424 2615 in
1457 2570 1563 2616 aliis

182 2649 386 2712 negotiis
426 2667 517 2711 per
552 2651 679 2697 viam
735 2651 1016 2696 telonialem
1062 2651 1427 2711 proficiscatur,
1487 2651 1562 2696 vel

181 2737 350 2792 parato
380 2746 490 2774 aere
514 2731 715 2793 vectigal
753 2731 976 2776 teloniale
1003 2730 1209 2785 solvere,
1249 2731 1323 2775 vel
1360 2746 1565 2793 propor-

186 2808 371 2857 tionato
399 2811 459 2857 ad
486 2812 846 2874 reparationem
871 2811 1111 2872 ejusmodi
1137 2810 1328 2858 viarum
1352 2810 1563 2874 gratuito
