1669 3189
712 164 1050 220 ...s-593...-

195 276 384 341 juriatis
420 271 622 320 subditis
663 269 819 315 omnis
857 269 1040 328 justitia
1088 268 1481 327 administretur,
1525 286 1578 314 ac

194 356 345 402 etiam
375 359 599 413 respectu
622 352 804 395 causati
830 349 994 394 damni
1022 365 1113 411 pro
1149 351 1414 411 praeterito
1443 349 1580 396 adae-

194 444 338 500 quata
390 433 575 477 eisdem
618 447 715 477 una
751 447 862 475 cum
905 447 992 486 eo,
1029 431 1160 492 quod
1185 431 1412 485 interest,
1447 431 1581 475 satis-

194 517 334 561 factio
361 520 495 557 tanto
533 512 771 558 efficacius
815 518 1137 573 procuretur,
1174 511 1303 573 quod
1343 509 1582 571 peculiari

192 598 337 639 hocce
375 591 612 638 beneficio
657 592 745 636 soli
781 608 933 654 regno
978 591 1201 636 Croatiae
1234 591 1449 652 benigne
1503 589 1584 634 ad-¹

195 678 337 722 misso
367 691 455 721 nec
486 673 732 738 Hungaria
759 689 848 719 nec
887 673 1108 719 Slavonia
1135 672 1350 735 gaudere
1375 667 1540 732 possit.

195 821 409 885 (Quoad
441 820 805 880 lignationem
832 821 887 863 in
908 819 1090 878 sylvis
1124 815 1426 863 sabditelae
1455 831 1586 861 com·

268 891 579 943 petentem.)

328 999 372 1041 4.
409 991 685 1036 Prodeunte
723 1007 748 1035 e
786 989 1112 1051 querimoniis
1156 992 1466 1036 subditorum
1494 1005 1585 1044 eo,

198 1073 325 1134 quod
352 1071 492 1132 sylvis
519 1088 608 1133 per
635 1072 762 1133 ipsos
792 1072 1030 1116 haetenus
1072 1072 1300 1132 possessis
1323 1071 1375 1116 in
1400 1077 1586 1115 sortem
1647 1102 1651 1107 .

199 1152 498 1199 constitutivi
529 1152 800 1213 imputatis,
817 1152 1005 1196 eisdem
1028 1151 1083 1195 in
1109 1150 1456 1196 remotissimis
1481 1148 1588 1194 aliis

202 1233 529 1278 dominalihus
568 1232 706 1293 sylvis
750 1231 957 1294 lignatio
997 1231 1230 1293 assignata
1265 1231 1325 1275 sit
1351 1263 1364 1287 ,
1417 1229 1588 1292 vigore

163 1347 165 1349 .
204 1322 367 1358 autem
396 1312 597 1375 benigni
628 1312 814 1356 urbarii
843 1312 1011 1373 puncti
1027 1322 1071 1360 9..
1104 1311 1141 1371 §.
1165 1321 1208 1361 8.
1244 1311 1424 1355 diserte
1450 1325 1591 1371 prae-

201 1394 526 1447 scriberetur,
578 1398 631 1437 ut
655 1393 692 1436 si
727 1392 906 1438 subditi
936 1392 986 1437 in
1031 1391 1335 1453 praehabitis
1360 1388 1502 1452 sylvis
1530 1389 1590 1433 si-

199 1491 255 1519 ve
283 1473 642 1528 communibus,
659 1474 755 1517 sive
778 1473 838 1517 ad
869 1473 1103 1518 sessiones
1132 1470 1455 1534 spectantibus
1482 1485 1593 1531 per-

200 1554 371 1597 sistere
418 1552 629 1606 vellent,
665 1552 738 1594 illi
767 1553 814 1596 in
845 1552 1019 1596 talibus
1044 1553 1175 1596 ultro
1208 1557 1590 1602 conserventur,

198 1639 244 1676 et
280 1631 507 1675 dominus
533 1631 776 1676 terrestris
797 1631 1119 1693 lignationem
1158 1632 1209 1676 in
1237 1631 1365 1691 sylva
1399 1629 1588 1674 eisdem

200 1711 458 1755 admittere
493 1728 591 1754 non
618 1718 864 1764 teneatur,
903 1711 986 1753 sed
1014 1717 1061 1753 et
1090 1725 1183 1769 per
1209 1709 1590 1770 imputationem

202 1789 446 1854 ejusmodi
485 1791 755 1850 sylvarum,
804 1796 850 1833 et
897 1788 1015 1832 alibi
1056 1787 1233 1833 factam
1275 1787 1503 1833 beneficii
1536 1787 1592 1831 li.

200 1872 448 1937 gnationis
493 1869 867 1932 assignationem
905 1870 1088 1915 subditi
1125 1877 1231 1914 tum
1264 1869 1378 1915 ideo
1409 1868 1540 1931 quod
1564 1885 1590 1912 a

202 1952 509 2017 prae-attactis
551 1950 690 2012 sylvis
736 1949 787 1994 in
831 1958 1013 1997 sortem
1063 1950 1357 1996 constitutivi
1388 1964 1590 2011 prorsus

201 2035 589 2094 incompetenter
629 2030 879 2092 imputatis
916 2048 1063 2076 onera
1102 2030 1364 2076 urharialia
1388 2045 1591 2091 suppor-

200 2133 310 2160 rnre
358 2114 620 2167 deberent,
656 2128 766 2156 cum
793 2128 938 2167 vero,
973 2111 1102 2174 quod
1140 2111 1403 2173 lignatione
1431 2127 1593 2156 remo-

199 2202 246 2239 te
273 2195 538 2257 assignata,
575 2192 815 2238 beneficio
842 2192 984 2253 hujus
1007 2193 1085 2237 vix
1109 2192 1370 2254 aliquando
1404 2191 1507 2246 uti,
1543 2198 1592 2236 et

200 2275 298 2319 frui
340 2281 569 2336 possent,
615 2281 784 2319 contra
813 2274 977 2318 omnia
1001 2272 1318 2337 regulationis
1347 2271 1590 2334 principia

204 2373 500 2420 magnopere
524 2362 859 2418 gravarentur.

332 2436 536 2481 Proinde
582 2453 667 2480 ene
714 2437 865 2481 seriae
905 2442 951 2480 et
997 2434 1214 2479 efficaces
1249 2421 1625 2495 dispositiones'

203 2532 259 2558 ex
291 2524 432 2576 parte
462 2518 888 2580 praetitulatarum
913 2518 1254 2563 D.vestrarum
1272 2517 1404 2571 fiant,
1438 2523 1489 2560 ut
1504 2514 1589 2559 uhi

203 2599 378 2642 subditi
431 2599 568 2659 sylvis
610 2598 709 2642 sive
737 2595 1104 2650 communibus,
1140 2595 1237 2640 sive
1267 2595 1326 2640 ad
1356 2595 1584 2641 sessiones

203 2692 307 2721 suas
339 2678 662 2738 spectantibus
698 2677 882 2740 provisi
924 2685 1057 2734 sunt,
1094 2677 1272 2744 hasque
1297 2677 1367 2722 illi
1403 2676 1453 2723 in
1489 2691 1586 2721 sor..
