1669 3189
673 160 1014 215 m592-w.

163 274 372 321 tualibus
400 271 621 335 personis
652 267 842 312 sincere
873 265 1120 322 reserant,
1174 267 1285 314 dein
1313 276 1472 313 autem
1497 268 1551 314 in

161 372 325 402 casum
363 348 827 412 comperiendorum
875 347 1169 392 deffectuum
1203 349 1457 409 publicum
1483 350 1550 394 sic

163 437 414 497 disponat,
474 439 526 475 ut
568 430 794 474 dominus
842 427 1090 474 terrestris
1138 429 1264 473 intra
1303 431 1551 476 trimestre

162 514 375 579 spatium
401 512 719 574 adaequatam
758 510 1136 566 dimensionem,
1179 512 1450 572 producere
1477 513 1555 556 de-

170 601 301 652 beat,
330 610 452 657 quae
475 599 646 654 postea
659 592 755 636 sive
778 592 1019 653 producta
1039 591 1209 647 suerit,
1226 590 1324 636 sive
1347 607 1461 646 non,
1482 606 1559 634 ex·
1622 610 1627 617 ·

105 702 116 713 ·
162 683 392 740 equentes
432 672 755 719 nihilominus
784 673 1172 734 magistratuales
1206 687 1381 716 novam
1417 687 1556 734 regu-

163 758 358 803 ]ationis
407 757 670 812 tabellam,
734 763 780 800 et
816 756 1013 817 quidem
1056 756 1095 799 si
1141 755 1366 799 dominus
1404 759 1560 796 terre-

159 839 271 883 stris
300 838 616 899 adaequatam
645 835 1002 880 dimensionem
1024 835 1328 897 produxerit,
1365 850 1420 879 ex
1448 834 1558 886 hac,

165 935 297 964 secus
330 934 449 962 vero
476 933 534 960 ex
555 915 784 959 revelatis
809 916 1112 960 subditorum
1139 933 1253 960 mox
1282 923 1329 959 et
1354 913 1558 960 indilate
1615 952 1618 958 .

164 996 456 1053 conficiant,
506 1003 552 1041 et
578 994 782 1057 publico
809 995 1099 1050 exhibeant,
1137 1011 1258 1056 quae
1285 995 1485 1039 demum
1509 992 1564 1036 in
1628 1046 1633 1053 .

164 1086 212 1129 4.
261 1076 622 1139 exemplaribus
660 1075 902 1138 expedita,
928 1075 1154 1137 priorum
1185 1076 1313 1130 loco,
1349 1072 1559 1118 dominis

164 1158 478 1205 terrestribus
507 1163 554 1200 et
577 1156 778 1200 subditis
806 1144 1120 1212 extrudetur,
1149 1155 1201 1200 in
1234 1166 1278 1204 5.
1306 1140 1469 1198 autem
1489 1169 1565 1198 ex-

168 1238 378 1300 emplari
402 1237 609 1280 horsum
647 1234 991 1292 submittatur,
1041 1242 1088 1281 et
1115 1235 1166 1280 in
1196 1242 1242 1284 4.
1274 1235 1333 1279 ad
1365 1241 1468 1280 acta
1492 1248 1565 1278 re·
1628 1287 1630 1290 .

165 1318 424 1383 gulationis
450 1319 501 1363 in
529 1317 785 1362 archivum
808 1317 1065 1362 comitatus
1089 1322 1384 1378 reponatur,
1421 1313 1569 1376 quod-

165 1401 206 1444 si
235 1406 399 1444 tamen
423 1399 584 1461 aliqua
609 1399 715 1443 loca
731 1429 744 1453 ‚
783 1415 996 1463 quorum
1018 1398 1354 1461 praeexistens
1379 1395 1570 1440 dimen-

168 1481 238 1526 sio
267 1481 520 1542 probanda
554 1488 602 1525 et
629 1481 823 1526 noviter
863 1481 1165 1525 instituenda
1197 1479 1390 1535 veniet,
1440 1480 1569 1522 intra

167 1560 517 1623 praestitutum
566 1568 779 1607 5mestre
832 1560 1047 1620 spatium
1097 1559 1318 1603 dimetiri
1360 1575 1457 1602 non
1493 1571 1570 1600 va-

171 1642 382 1698 luerint,
448 1656 594 1702 super
636 1638 881 1700 ejusmodi
928 1643 1229 1702 geometrica
1263 1637 1570 1683 dimensione

175 1740 262 1768 cur
291 1722 351 1765 ad
385 1721 538 1765 finem
565 1720 769 1780 perduci
799 1721 928 1762 haud.
950 1726 1195 1780 queunte,
1252 1715 1441 1762 ratione
1458 1731 1570 1776 quo-

172 1803 233 1846 ad
277 1800 524 1862 singulum
561 1800 729 1843 locum
766 1797 1022 1861 assignata,
1056 1798 1268 1862 desuper
1304 1796 1573 1858 adaequata

171 1879 454 1927 informatio
483 1884 775 1940 praestetur.

304 1959 428 2023 Quia
454 1975 568 2004 vero
598 1958 777 2002 damna
804 1965 850 2002 et
879 1957 1135 2020 aggravia,
1193 1974 1318 2019 quae
1356 1973 1413 2002 ex
1442 1959 1573 2001 e'rro-

177 2040 281 2085 neis
301 2037 542 2099 ejusmodi
569 2038 954 2083 dimensionibus
976 2038 1028 2082 in
1054 2036 1446 2084 contribuentem
1477 2038 1576 2100 ple-

178 2122 293 2166 bem
321 2120 675 2175 dimanarunt,
709 2117 970 2164 bonificari
1003 2118 1163 2166 omnis
1203 2117 1386 2180 justitia
1429 2131 1575 2178 expo-

179 2210 363 2258 sceret,
410 2218 462 2246 ac
500 2202 694 2246 interea
722 2201 898 2258 etiam,
948 2201 1105 2246 donec
1131 2202 1286 2246 dictae
1315 2198 1575 2244 dimensio-

179 2300 262 2328 nes
289 2281 628 2339 modificatae,
665 2288 909 2345 statusque
934 2280 1191 2326 urbarialis
1217 2281 1278 2325 ad
1309 2296 1446 2326 suam
1471 2279 1575 2341 ple-‘-

180 2381 293 2408 nam
321 2371 369 2409 et
398 2379 563 2409 veram
592 2362 949 2408 consistentiam
976 2363 1159 2425 positus
1190 2362 1362 2418 fuerit,
1396 2357 1577 2406 securi-

182 2445 269 2487 tati
299 2443 521 2506 publicae
549 2444 907 2489 consulendum
926 2442 1072 2488 soret.

314 2522 435 2566 Hinc
453 2522 790 2585 praetitulatas
808 2522 1165 2568 dominationes
1184 2530 1359 2569 vestras
1375 2539 1432 2568 eo
1447 2519 1576 2566 serio

186 2607 235 2644 et
247 2600 714 2676 efficaciterinviari,
729 2611 779 2648 ut
794 2603 999 2648 subditis
1029 2606 1118 2649 hac
1133 2606 1191 2650 de
1206 2620 1259 2648 re
1277 2615 1579 2665 conqueren-

187 2680 314 2725 tibus
328 2681 377 2725 in
394 2683 528 2728 omni
543 2684 824 2729 sinceritate
849 2685 1146 2742 declaretur,
1169 2684 1301 2748 quod
1319 2679 1580 2728 dimensio-

183 2775 268 2805 nes
301 2759 567 2809 dominales
604 2781 696 2825 per
720 2764 1022 2827 impartiales
1047 2766 1264 2829 publicos
1289 2769 1568 2826 geometras

1617 306 1647 378 ἐξ

1626 366 1647 445 ³4.
