1669 3189
606 237 675 248 „m
736 215 818 264 345
879 235 948 246 m..

76 324 341 369 admodum
367 323 624 368 urbarialis
656 325 774 369 haec
802 322 1041 387 regulatio
1069 318 1122 362 in
1155 325 1366 383 quatuor
1395 335 1471 363 exo

80 404 381 465 emplaribus
410 403 714 465 expedienda
738 402 856 458 erit,
903 403 968 448 ita
997 418 1149 448 unum
1184 401 1361 444 horum
1394 415 1468 441 ex·=

79 483 379 544 emplarium
428 483 628 528 domino
676 483 920 537 terrestri,
996 483 1206 526 alterum
1262 477 1468 523 subditis

77 565 459 617 extradanclum,
508 561 710 606 tertium
742 576 858 605 vero
890 562 949 605 ad
988 561 1241 606 archivum
1275 556 1472 601 comita-
1503 598 1511 604 a

77 650 153 687 tus
185 642 553 704 reponendum,
591 648 637 684 et
664 648 894 703 quartum
923 641 1120 684 tandem
1151 655 1240 700 per
1274 637 1472 681 comita-

77 732 180 769 tum
221 722 432 767 Consilio
468 722 733 767 locument.
772 722 910 783 regio
946 736 1043 764 una
1076 736 1186 763 cum
1231 720 1465 765 relatione

56 802 398 848 Vexecutionali
429 801 694 846 comissarii
726 802 851 864 regii
891 801 1322 845 transmittendum
1347 798 1467 856 erit3

77 883 160 928 ubi
196 891 358 927 tamen
387 882 644 944 quaepiam
680 881 910 927 imotenus
934 882 1034 944 jam
1076 881 1467 934 intervenerunt,

76 965 154 1008 vel
202 963 406 1008 ulterius
452 962 810 1007 intervenirent
868 961 1179 1006 subditorum
1234 960 1476 1022 querimo-

86 1044 224 1099 niae,
271 1045 360 1088 hae
394 1043 676 1088 modalitate
703 1059 792 1105 per
817 1059 952 1087 suam
978 1040 1291 1102 Majestatem
1323 1055 1474 1084 sacra-

36 1180 47 1187 &
80 1122 317 1168 tissimam
360 1123 628 1167 clementer
669 1109 976 1183 praescripta
1033 1138 1149 1166 mox
1188 1120 1482 1183 investiganu

78 1204 198 1258 dae,
253 1203 446 1263 hucque
483 1202 841 1246 submittendae
888 1198 1081 1259 erunt3'
1113 1219 1173 1246 ne
1217 1208 1382 1246 autem
1426 1202 1478 1246 in

83 1282 190 1344 ipsa
232 1283 380 1326 etiam
417 1283 740 1325 urbarialium
785 1282 1151 1342 regulationum
1188 1282 1472 1326 executione

83 1362 330 1423 quispiam
366 1361 562 1402 disordo
590 1360 800 1413 eveniat,
853 1359 938 1403 sed
970 1365 1025 1400 ut
1062 1360 1181 1401 haec
1210 1361 1370 1419 potius
1397 1376 1473 1404 ae-

76 1439 285 1500 qualiter
310 1435 491 1498 ubique
515 1444 810 1498 peragatur,
866 1453 956 1498 pro
989 1437 1165 1480 iisdem
1199 1438 1473 1498 exequenti„

78 1518 166 1562 bus
196 1516 336 1560 isthic
367 1531 603 1560 annexam
620 1515 993 1560 instructionem
1017 1517 1203 1577 pariter
1229 1517 1472 1561 elaborari

79 1598 195 1642 fecit
223 1612 410 1642 summe
440 1596 535 1640 fata
560 1595 783 1656 Nlajestas
822 1612 1049 1641 caesareo
1086 1596 1225 1659 regia
1255 1597 1476 1657 apostoli-

92 1695 175 1734 ca,
248 1693 392 1738 quam
458 1677 782 1738 praetitulatis
840 1677 1250 1723 dominationibus
1308 1678 1477 1722 vestris

86 1757 413 1821 praemissum
446 1757 496 1801 in
525 1758 674 1802 finem
708 1757 837 1801 hisce
860 1758 1186 1803 communicat
1208 1758 1475 1803 Consilium

82 1837 233 1881 hocce
264 1836 695 1881 locumtenentiale
722 1835 935 1899 regium,

210 1925 253 1967 4.
292 1920 548 1975 Ceterum,
622 1934 733 1962 cum
788 1918 847 1962 de
902 1936 958 1963 eo
1005 1919 1156 1962 etiam
1208 1916 1369 1961 variae
1418 1918 1478 1963 ad

91 2015 228 2044 suam
262 1996 564 2057 Majestatem
607 1999 975 2044 sacratissimam
1012 1998 1355 2060 querimoniae
1399 1997 1476 2041 de-

85 2080 336 2133 venerint,
375 2080 504 2142 quod
535 2080 772 2124 nimirum
791 2081 840 2125 in
868 2082 1222 2126 nonnullorum
1254 2078 1474 2122 domino-

80 2176 195 2205 rum
240 2161 552 2205 terrestrium
601 2159 741 2203 bonis
781 2160 962 2205 subditi
1008 2176 1097 2221 per
1147 2159 1375 2204 officiales
1428 2166 1476 2202 et

81 2240 337 2286 servitores
395 2241 714 2285 antelatorum
769 2240 1091 2285 dominorum
1163 2239 1478 2284 terrestrium

84 2337 222 2382 saepe
257 2320 425 2365 durius
457 2327 755 2376 tractentur,
799 2320 1023 2382 gravibus
1058 2318 1381 2375 verberibus,
1428 2327 1476 2364 et

86 2401 192 2445 aliis
222 2400 411 2461 injuriis
431 2399 726 2457 afficiantur,
764 2400 893 2462 quod
918 2400 1038 2444 item
1061 2398 1248 2457 variae,
1289 2418 1473 2463 eaeque

89 2480 329 2526 sollicitae
365 2495 452 2542 per
487 2481 685 2526 eosdem
722 2481 950 2526 officiales
996 2499 1021 2526 a
1056 2479 1338 2526 memoratis
1374 2482 1478 2526 suh-

89 2562 203 2607 ditis
241 2561 535 2608 extorsiones
574 2563 718 2619 fiant,
778 2569 825 2606 et
862 2579 960 2607 non
1001 2561 1145 2606 modo
1183 2562 1377 2607 labores
1415 2563 1474 2607 ab

85 2643 162 2690 his
199 2643 259 2687 ad
285 2643 494 2706 privatas
527 2644 747 2706 ipsorum
776 2643 1101 2701 necessitates,
1136 2646 1219 2691 sed
1253 2650 1299 2686 et
1341 2643 1476 2686 varia

86 2728 325 2780 mune‘ra,
363 2729 410 2767 et
438 2723 639 2768 donaria
666 2723 845 2785 injuste
868 2725 1280 2786 praetendantur,
1334 2728 1380 2766 et
1404 2738 1478 2766 ex=

85 2803 309 2867 igantur,
374 2802 632 2850 multifarii
681 2803 891 2867 denique
944 2802 1367 2851 inconvenientiae
1422 2807 1469 2846 et
