1669 3189
603 250 672 260 uw
733 226 812 267 351
874 247 942 258 m-

65 340 179 387 dine
196 372 210 395 ,
246 343 296 382 et
319 334 707 399 promptitudine
723 366 738 389 ,
772 331 928 394 iisque
943 330 1110 377 studiis
1142 330 1202 374 ad
1226 332 1459 376 amussim

61 421 273 484 implere
301 425 349 463 et
375 417 551 480 exequi
573 415 897 470 contendant,
931 421 983 457 'ut
1016 429 1135 475 quae
1161 429 1253 474 pro
1284 419 1462 457 mater-

61 521 125 550 na
151 518 263 547 cura
281 533 292 555 ,
330 507 379 543 et
404 495 713 561 providentia
736 494 872 556 regia
894 495 984 538 hoc
1006 495 1057 539 in
1082 492 1264 538 merito
1287 492 1462 537 solliei-

61 592 109 628 te
146 579 422 634 anhelavit,
459 594 514 622 ea
543 581 708 636 optato
733 574 883 619 etiam
914 575 1109 619 effectui
1143 573 1420 635 mancipata
1445 606 1460 628 ,

61 680 173 707 curn
199 674 374 721 magno
408 655 589 701 subditi
621 654 792 716 populi
819 655 1105 710 commodo,
1142 672 1194 701 ac
1230 655 1342 699 inde
1389 669 1462 698 re-

63 740 311 786 dundante
349 736 521 782 solatio
557 734 776 796 experiri
814 734 970 778 valeat
1007 750 1091 777 sua
1129 733 1356 794 Majestas
1395 750 1463 778 sa-

63 814 355 872 cratissima,
400 815 453 860 id
493 831 591 859 una
628 814 896 859 elementer
942 813 1320 875 praecipiendo,
1367 832 1461 876 quo

57 896 394 959 praetitulatae
426 893 782 939 dominationes
813 900 1004 938 vestrae
1035 911 1131 939 non
1162 895 1308 937 modo
1344 909 1463 955 erga

62 977 288 1021 dominos
317 973 621 1020 comissarios
657 973 821 1036 regios
879 973 1046 1036 quavis
1098 975 1346 1019 occasione
1385 975 1465 1018 de-

62 1064 253 1101 centem
273 1061 559 1117 respectum
594 1054 881 1111 exhibeant,
917 1071 1094 1100 verum
1120 1056 1268 1100 etiam
1297 1054 1347 1099 in
1364 1070 1465 1097 om-

62 1136 207 1182 nibus
238 1136 297 1180 iis
328 1151 448 1196 quae
472 1150 564 1196 per
592 1133 790 1179 eosdem
826 1135 885 1178 ad
928 1135 1230 1198 exigentiam
1266 1135 1313 1180 h.
1335 1134 1464 1178 ordi-

62 1216 321 1262 nationum
348 1214 603 1276 regiarum
629 1214 679 1257 in
707 1215 903 1275 negotio
941 1215 1178 1259 urbariali
1202 1215 1462 1276 disponen-

66 1303 180 1350 tur,
220 1293 440 1337 debitum
478 1293 702 1336 effectum
741 1293 876 1335 omni
917 1308 1031 1336 cum
1069 1296 1465 1356 promptitudine

62 1387 333 1436 procurare
361 1370 494 1412 haud
525 1369 869 1414 intermittant.
940 1372 1124 1416 Datum
1153 1390 1211 1417 ex
1247 1374 1464 1419 Consilio

64 1452 204 1514 regio
229 1449 649 1494 locumtenentiali
678 1449 864 1492 Posonii
897 1449 975 1495 die
1012 1460 1090 1498 25.
1113 1452 1302 1512 januar,
1334 1472 1462 1500 anno

68 1535 206 1579 1'c67.
223 1530 480 1574 celebrato.
496 1529 925 1573 praetitulatarum
966 1529 1368 1578 dominationum-1³
1388 1552 1466 1579 ve-

66 1619 294 1657 strarum.
313 1610 586 1654 Benevolus
604 1642 616 1665 ,
653 1610 713 1654 ad
738 1609 897 1654 officia
911 1612 1226 1672 paratissimi.
1242 1613 1463 1659 Albertus

65 1707 133 1736 m.
169 1709 217 1753 p.
253 1691 490 1752 Iosephus
526 1688 846 1751 Hlobusiczky
879 1707 945 1735 m,
979 1709 1028 1753 p.

175 1822 480 1884 Sequitur
519 1813 951 1884 provocatum
987 1823 1345 1870 urbarium.

195 2106 492 2152 Urbarizzm
524 2108 908 2166 possessionis,
935 2110 1024 2154 vel
1057 2111 1242 2170 oppidi
1268 2112 1335 2155 N.

542 2239 921 2284 PUNCTUM
956 2240 994 2287 L

112 2330 199 2376 De
234 2331 681 2378 constitutivo
719 2332 1079 2377 sessionum
1115 2334 1427 2380 colonica-

688 2411 862 2458 lium.

206 2529 243 2576 §.
277 2535 315 2570 1.
353 2524 476 2569 Cum
512 2525 698 2588 quasvis
735 2524 917 2582 datias,
954 2532 1003 2570 et
1039 2526 1293 2574 servitutes
1330 2532 1470 2577 urba·

76 2602 220 2649 riales
242 2637 256 2660 ,
286 2604 546 2666 qualitati,
573 2613 620 2650 et
640 2605 946 2651 constitutivo
983 2606 1251 2652 sessionum
1292 2627 1470 2673 appro-

81 2683 361 2744 portionari
388 2692 640 2745 oporteat,
676 2685 986 2731 constitutiva
1018 2702 1134 2731 vero
1159 2705 1256 2732 non
1286 2692 1469 2755 ubique

84 2764 339 2824 aequalia,
376 2765 457 2811 sed
495 2766 608 2810 situi
639 2774 685 2810 et
720 2765 939 2828 qualitati
981 2768 1381 2829 territoriorum,
1419 2790 1471 2816 ac

85 2844 388 2907 reliquorum
426 2848 784 2893 beneficiorum
827 2848 903 2892 vel
943 2848 1305 2897 maleficiorum
1348 2870 1478 2897 acco-
