1669 3189
693 177 1034 228 ..u-3546...-

185 289 545 335 interessentiae
579 295 708 332 actus
735 303 824 346 per
859 285 1059 330 eosdem
1102 284 1330 331 officiales
1373 303 1426 332 ac
1471 305 1568 333 ser-

182 371 363 415 vitores
413 386 521 414 cum
576 367 881 412 enervatione
928 374 973 411 et
1026 367 1205 411 damno
1260 366 1570 413 subditorum

180 458 527 503 exerceantur,
562 445 677 491 hinc
702 446 1116 508 quemadmodum
1151 447 1444 492 intolerandi
1484 449 1570 493 hu-

179 530 387 589 jusmodi
417 544 666 582 excessus,
704 534 751 571 et
776 527 948 571 abusus
969 534 1075 571 tum
1114 529 1159 572 h.
1204 527 1462 574 intentioni
1495 545 1570 574 re-

178 610 285 671 giae
305 641 318 664 ,
355 624 463 651 cum
500 613 547 649 et
583 607 694 667 ipsis
721 607 905 669 legibus
934 624 959 652 e
988 607 1230 652 diametro
1259 606 1570 654 adversaren-

178 698 285 743 tur,
320 688 384 731 ita
422 688 468 730 J).
491 687 741 740 statuitur,
778 693 827 730 ut
857 687 1018 748 primo
1051 687 1251 749 quidem
1296 688 1392 750 ipsi
1418 688 1570 733 domi-

180 769 229 813 ni
256 773 505 812 terrestres
535 766 585 812 in
622 782 723 811 rem
763 766 915 822 hanc,
958 774 1005 810 et
1047 767 1096 811 in
1129 770 1355 813 antelatos
1396 768 1573 814 officia-

178 849 300 892 lium
324 855 368 891 et
399 847 692 891 servitorum
723 863 924 890 suorum
949 847 1104 899 ausus}
1131 855 1178 892 et
1209 864 1431 893 excessus
1468 847 1574 892 dili-

176 935 348 991 genter
373 927 651 989 inquirant,
699 927 936 988 laesisque
980 928 1184 973 subditis
1229 928 1322 973 suis
1371 942 1573 972 omnem

178 1009 392 1054 debitam
433 1007 811 1053 satisfactionem
859 1017 1158 1069 procurent,
1206 1008 1334 1071 quod
1377 1007 1577 1068 ipsum,

178 1088 219 1132 si
253 1088 407 1132 iidem
449 1087 640 1132 domiui
686 1094 940 1132 terrestres
958 1095 1147 1150 praeter
1177 1105 1377 1134 omnem
1404 1086 1576 1132 melio·

178 1187 287 1213 rem
313 1187 450 1231 spem
488 1170 654 1214 facere
682 1170 1164 1231 praetermitterent,
1201 1178 1314 1213 tunc
1352 1167 1575 1229 primum

179 1248 381 1308 quidem
408 1256 605 1291 eatenus
633 1264 724 1306 per
748 1248 1090 1307 magistratum
1119 1247 1488 1292 comitatensem
1512 1263 1578 1292 se-

177 1328 251 1371 rio
287 1333 720 1381 commoneantur,
757 1333 803 1370 et
832 1326 867 1369 si
911 1342 997 1370 nec
1044 1326 1327 1388 hujusmodi
1366 1343 1578 1372 commo-

179 1409 301 1452 nitio
329 1407 549 1452 debitum
575 1422 713 1450 suum
743 1406 990 1450 obtineret
1027 1406 1272 1461 effectum,
1312 1412 1475 1450 attunc
1523 1408 1572 1450 in

184 1504 326 1533 sensu
352 1494 401 1530 et
432 1485 775 1530 conformitate
805 1485 925 1548 legis
974 1486 1235 1531 autoritate
1282 1485 1433 1531 etiam
1479 1502 1578 1529 ma-

181 1567 452 1629 gistratuali
480 1572 650 1610 contra
673 1564 875 1608 eosdem
907 1564 1130 1609 dominos
1174 1572 1429 1610 terrestres
1473 1581 1580 1628 aga-

183 1654 293 1702 tur,
328 1648 378 1691 in
404 1645 534 1707 ipsos
561 1661 677 1690 vero
706 1644 996 1688 excedentes
1023 1643 1249 1691 officiales
1287 1646 1423 1690 omni
1462 1661 1573 1689 cum

183 1728 376 1789 rigore,
411 1726 514 1769 imo
542 1740 631 1786 pro
659 1722 887 1784 qualitate
926 1729 1114 1778 reatus,
1151 1723 1300 1768 etiam
1343 1724 1394 1770 in
1418 1741 1579 1770 exem-

182 1809 321 1869 plum
357 1806 563 1850 aliorum
589 1803 911 1849 criminaliter
945 1804 1269 1865 procedatur,
1305 1804 1400 1850 nisi
1442 1821 1577 1850 secus

184 1888 254 1933 illi
287 1886 624 1949 magistratus,
662 1885 743 1947 qui
784 1902 809 1929 e
845 1885 1095 1946 personali
1139 1885 1372 1946 quopiam
1417 1902 1579 1947 respe-

186 1977 290 2019 ctu,
330 1968 405 2011 vel
433 1968 539 2012 aliis
566 1966 713 2012 etiam
753 1966 812 2009 de
842 1966 992 2010 causis
1032 1964 1230 2009 muneri
1266 1982 1350 2012 suo
1378 1974 1577 2013 eatenus

183 2048 458 2093 satisfacere
485 2048 884 2101 intermitterent,
919 2063 967 2090 se
1007 2044 1135 2106 ipsos
1168 2045 1315 2090 etiam
1373 2054 1577 2108 propter

181 2127 570 2189 indignationem
601 2127 790 2190 regiam
820 2124 1129 2188 gravissimae
1169 2125 1316 2170 etiarn
1355 2125 1572 2172 animad-

181 2206 394 2252 versioni
420 2224 660 2269 exponere
693 2207 857 2251 velint.

322 2298 366 2335 5.
423 2288 477 2329 In
531 2303 711 2349 genere
753 2294 916 2330 autem
964 2290 1124 2346 quoad
1155 2287 1412 2332 restantias
1451 2290 1580 2350 apud

185 2369 573 2414 contribuentem
596 2368 790 2428 plebem
815 2367 1092 2413 adhucdum
1124 2368 1382 2414 haerentes
1414 2385 1469 2412 eo
1499 2386 1578 2430 pe.

185 2450 433 2495 culiariter
457 2449 837 2502 advertendum,
872 2446 1321 2509 invigilandumque
1347 2447 1477 2504 erit,
1512 2464 1575 2495 ne

183 2529 458 2591 hujusmodi
494 2528 752 2573 restantiae
783 2528 934 2590 magis
966 2529 1366 2584 accumulentur,
1402 2545 1576 2575 verum

182 2609 397 2656 effectiva
431 2625 601 2653 earum
628 2607 883 2671 depuratio
923 2607 984 2651 ad
1009 2624 1254 2653 summum
1281 2607 1408 2653 intra
1445 2612 1488 2656 6.
1531 2620 1574 2656 7.

185 2697 264 2734 aut
311 2699 352 2737 8.
382 2688 682 2751 angaricales
722 2688 960 2733 terminos
999 2695 1321 2748 procuretur,
1371 2688 1571 2750 praevie

191 2777 355 2817 tamen
382 2770 476 2833 ipsi
513 2777 797 2832 exequentes
833 2767 1017 2828 judices
1048 2767 1230 2816 intuitu
1259 2774 1578 2830 praeattacta-
