1669 3189
589 225 659 236 ω-
717 203 800 245 353
857 223 927 236 m

528 311 898 358 PUNCTUM
931 309 992 353 II.

222 433 226 442 ι
283 407 374 450 De
410 405 771 450 beneficiis
809 404 1201 448 colonorum.

192 498 233 558 §.
271 511 308 545 1.
347 500 542 545 Colonis
574 499 712 560 juxta
749 496 1014 541 articulum
1057 501 1131 545 50.
1165 506 1304 545 1550.
1336 498 1450 544 edu-

62 583 243 628 cillatio
283 581 388 625 vini
426 597 451 623 a
484 580 601 625 festo
645 580 687 624 S.
712 577 967 622 NIichaelis
1000 596 1147 640 usque
1185 579 1247 622 ad
1273 578 1449 624 festum

60 661 326 708 nativitatis
352 659 577 715 Domini,
614 659 692 705 vel
717 659 760 703 S.
790 658 987 721 Georgii
1009 660 1178 704 militis
1207 667 1254 704 et
1285 659 1453 704 marti-

59 744 126 789 ris
153 743 307 787 libera
341 741 413 784 sit.

193 830 230 875 ξ.
257 834 300 870 2.
335 820 666 882 Extirpaturas
709 820 747 864 si
780 835 892 880 quas
917 817 1098 864 subditi
1126 825 1326 875 tenent,
1376 819 1454 864 do-

60 904 220 948 minus
236 902 480 947 terrestris
501 902 559 945 ab
593 900 773 944 iisdem
812 899 1053 960 accipere,
1090 906 1173 943 aut
1206 899 1255 944 in
1285 916 1458 961 apper-

60 985 288 1030 tinentias
319 983 598 1028 sessionales
626 981 872 1043 imputare
900 997 1037 1025 secus
1064 998 1157 1025 non
1175 981 1342 1042 possit,
1362 981 1457 1025 nisi

63 1080 179 1126 erga
216 1063 617 1108 conscientiosam
650 1062 902 1105 comitatus
937 1077 1026 1122 pro
1049 1060 1238 1105 ratione
1273 1052 1452 1105 laboris

10 1143 14 1149 '
60 1145 473 1206 praemittendam
523 1141 950 1198 aestimationem,
1022 1150 1068 1186 et
1112 1142 1275 1186 taliter
1328 1140 1458 1185 limi-

62 1225 194 1268 tandi
220 1223 369 1284 pretii
400 1229 625 1283 paratam
650 1223 1071 1268 bonificationem.

195 1301 243 1346 Si
275 1303 359 1362 qui
390 1309 552 1345 tamen
588 1299 725 1343 fundi
768 1300 1123 1360 antiquioribus
1155 1300 1462 1361 temporibus

64 1380 289 1439 extirpati
312 1411 324 1433 ,
362 1385 409 1421 et
433 1366 696 1421 successive
717 1378 995 1421 sessionaies
1021 1379 1180 1423 effecti
1205 1387 1313 1422 sunt
1331 1412 1343 1433 s
1381 1397 1462 1424 na-

60 1467 321 1519 turamque
371 1455 787 1517 extirpatitiornm
851 1456 1058 1517 amplius
1106 1474 1204 1501 non
1251 1459 1464 1503 retinue-

62 1545 205 1593 runt,
257 1529 343 1581 seu
376 1553 493 1581 vero
541 1535 725 1580 colonis
772 1535 1125 1597 extirpantibus
1156 1538 1213 1581 de
1245 1538 1350 1582 loco
1378 1541 1466 1583 mi-

64 1616 313 1682 grantibus
357 1617 414 1661 de
447 1634 596 1661 manu
630 1617 681 1661 in
713 1632 915 1660 manum
952 1617 1018 1661 ita
1062 1616 1466 1676 devolvebantur,

65 1705 118 1742 ut
140 1696 369 1741 moderni
388 1696 562 1758 rustici
591 1713 890 1758 possessores
917 1698 1245 1759 extirpaturas
1279 1698 1337 1743 ab
1361 1700 1465 1744 aliis

66 1778 350 1833 derelictas,
400 1776 579 1838 absque
608 1777 708 1820 ullo
738 1777 1003 1834 mercedis,
1067 1785 1150 1822 aut
1180 1777 1466 1841 sati'gioruni

69 1874 334 1913 concursu,
391 1865 437 1902 et
475 1855 788 1902 investitione
821 1865 1052 1915 teneant,
1101 1860 1219 1903 tales
1252 1861 1338 1904 sub
1364 1877 1466 1905 sen-

72 1957 177 1984 sum
210 1937 466 2000 praecitati
514 1937 670 1999 quoad
712 1938 1039 2000 extirpaturas
1090 1956 1359 2002 earumque
1396 1957 1468 1985 re-

70 2018 411 2080 demptionem
442 2018 740 2081 paragraphi
774 2020 902 2064 haud
941 2021 1131 2066 cadunt.

202 2098 242 2159 ᾗ.
277 2111 319 2147 5.
355 2100 444 2143 Pro
478 2099 738 2160 pecoribus
763 2101 1095 2158 subditorum,
1137 2100 1190 2146 in
1229 2107 1470 2162 quantum

15 2210 25 2214 —
71 2179 188 2224 situs
227 2179 467 2224 territorii
502 2179 782 2236 admiserit,
836 2197 1072 2242 pascuum
1112 2182 1354 2226 sufficiens
1390 2181 1469 2236 sit,

73 2276 98 2304 e
133 2277 225 2322 quo
267 2259 384 2303 dein
434 2259 594 2303 coloni
641 2275 730 2320 pro
779 2257 1022 2321 jugalibus
1053 2260 1319 2322 pecoribus
1358 2275 1470 2304 cum

73 2339 318 2400 praescitu
345 2347 535 2395 tamen,
592 2347 638 2384 et
675 2340 869 2385 indultu
909 2340 1142 2385 dominali
1165 2346 1357 2401 partem
1390 2355 1472 2401 pa-

75 2418 176 2462 scui
199 2418 495 2480 prohihititii
540 2419 821 2465 exscinde-re
874 2419 1088 2481 possint,
1127 2419 1194 2463 ita
1224 2427 1386 2464 tamen
1421 2427 1474 2464 ut

82 2499 144 2542 ad
178 2499 272 2543 tale
296 2499 558 2545 exscissum
582 2516 817 2563 pascuum
840 2511 1033 2563 quoque
1054 2500 1255 2562 propria
1284 2498 1474 2544 domini

79 2580 329 2624 terrestris
369 2579 579 2642 jugalia,
626 2582 904 2626 nullatenus
941 2598 1053 2625 vero
1085 2581 1376 2625 armentalia
1398 2596 1480 2642 pe-

80 2676 195 2705 cora
223 2677 471 2706 accessum
496 2647 685 2723 pariter
710 2662 949 2719 habeant3
986 2661 1068 2707 ubi
1097 2668 1262 2707 tamen
1291 2661 1340 2705 in
1366 2677 1485 2722 quo-

81 2739 219 2802 piam
262 2742 508 2787 territorio
556 2758 793 2804 pascuum
833 2742 933 2801 jam
962 2743 1181 2807 alioquin
1227 2751 1298 2788 est
1334 2741 1479 2789 nimis

82 2829 89 2836 ‘
1130 2825 1170 2868 Z
