1669 3189
608 188 679 201 n·-
735 165 821 220 557
886 186 961 221 un·-

76 275 417 340 dispositiones
447 275 609 339 regiae
628 307 643 331 ,
676 279 723 320 et
746 275 798 319 in
825 273 930 336 ipso
958 273 1121 319 codice
1149 272 1272 336 juris
1309 275 1440 338 leges
1459 307 1473 331 ,

76 357 249 420 quibus
287 373 384 402 sors
423 357 759 417 orphanorum
799 353 1065 400 subditelae
1115 353 1313 416 egregio
1347 355 1473 399 loca-

74 445 159 482 tur
203 438 438 493 cardine,
486 443 629 498 atque
674 433 915 498 quidquid
969 442 1162 479 eatenus
1205 450 1230 477 e
1268 433 1469 495 publico

78 518 391 580 disponitur,
429 515 644 576 ejusdem
674 516 866 560 effectus
905 530 929 557 e
955 515 1144 559 ratione
1187 521 1331 559 status
1375 516 1476 559 abs-

77 615 170 661 que
197 599 296 642 ulla
330 596 752 661 taxa-obtinete—
786 593 1066 638 Jurisdictio
1107 594 1295 639 sedium
1323 594 1476 638 domi-

77 677 298 732 nalium,
336 664 608 721 assistentia
643 673 745 719 fisci
769 674 1147 736 magistratualis
1192 691 1247 718 ex
1290 673 1471 730 officio,

76 766 296 804 tutorum
308 756 572 820 vigilantia,
593 755 779 817 publici
796 755 1120 800 comitatuum
1135 755 1465 817 magistratus,

80 847 190 883 sunt
243 838 448 883 totidem
498 834 778 881 testimonia
815 835 1245 881 administrationis
1275 837 1469 898 legalis,

79 936 200 982 quae
231 919 497 967 conditioni
524 918 826 980 pupillorum
864 917 1189 979 impenditur,
1217 925 1265 961 et
1291 918 1378 962 sub
1397 918 1470 960 in-

80 998 326 1060 spectione
371 998 572 1044 Consilii
615 996 740 1060 regii
769 997 1245 1054 locumtenentialis‚
1281 1006 1329 1042 et
1355 1001 1472 1043 Can-

78 1079 304 1124 cellariae
340 1080 509 1143 'regiae
534 1079 802 1142 hungarico
828 1078 1012 1123 aulicae
1048 1095 1329 1139 supremam
1362 1096 1473 1124 suae

79 1160 348 1222 Majestatis
385 1159 736 1204 sacratissimae
772 1165 1030 1220 paternam
1070 1158 1259 1202 obtinet
1287 1166 1475 1220 protec-

82 1242 292 1300 tionem3
346 1248 392 1286 et
437 1241 667 1286 solertem
716 1239 966 1301 regiarum
1006 1236 1382 1299 dispositionum
1414 1237 1476 1282 ef-

88 1320 285 1367 sectum.

216 1403 262 1446 b.
297 1399 721 1444 Laudemium
741 1431 753 1454 ‚
807 1396 1150 1459 {Bereinbcrungss
1168 1397 1442 1460 :ffifunbgetb
1463 1427 1480 1453 7

81 1490 129 1528 et
183 1498 233 1525 m
253 1479 552 1524 ortuari'u
571 1495 646 1535 m,
716 1475 1145 1539 Zobtcnpfunbgelb,
1182 1484 1250 1523 est
1273 1484 1482 1539 praesta-

81 1563 150 1608 tio
198 1560 331 1622 juxta
373 1561 617 1615 valorem,
666 1565 747 1602 aut
780 1559 1172 1603 aestimationem
1206 1559 1480 1603 colonicalis

82 1642 204 1689 honi
242 1641 499 1686 occasione
525 1639 812 1684 mutationis
834 1638 1116 1702 possessorii
1158 1639 1374 1685 eruenda
1405 1639 1485 1683 do-

83 1712 238 1769 m'inio
266 1723 551 1775 obveniens,
598 1736 718 1780 quae
746 1719 963 1780 quinque
993 1737 1085 1780 pro
1111 1726 1248 1764 cento
1292 1718 1485 1764 efficere

86 1805 224 1849 solet.
266 1801 529 1847 Praestatio
571 1800 691 1844 haec
717 1799 945 1843 dominiis
973 1796 1220 1844 austriacis
1243 1800 1373 1843 inter
1410 1814 1485 1842 re·

87 1886 182 1929 ales
239 1883 511 1927 eorundem
563 1887 827 1943 proventus
869 1879 1048 1923 merito
1092 1879 1247 1923 inseri
1294 1885 1484 1940 potest,

88 1980 213 2026 quae
239 1962 449 2025 insignia
476 1960 796 2024 proprietatis
825 1959 1094 2005 subditelae
1119 1957 1383 2004 fundorum
1412 1976 1487 2004 re-

89 2044 313 2089 solutata.
351 2041 593 2105 Hungaris
630 2060 727 2087 non
763 2049 911 2097 nota,
956 2042 996 2086 si
1031 2041 1398 2094 stabilirentur,
1431 2045 1485 2083 ut

89 2125 288 2188 analoga
323 2122 604 2185 redemptio
638 2123 816 2168 suimet
845 2121 992 2184 ipsius
1021 2122 1072 2166 in
1093 2119 1343 2183 Hungaria
1373 2135 1485 2181 quo-

93 2222 184 2267 que
223 2211 273 2249 et
324 2205 523 2250 adnexis
546 2203 814 2266 provinciis
841 2203 1085 2259 obtineat,
1123 2201 1290 2264 quanti
1323 2217 1379 2244 ex
1404 2216 1486 2261 pe-

92 2286 237 2331 cunia
258 2285 657 2348 redemptionali,
694 2292 739 2331 et
770 2290 933 2347 quotta
974 2283 1253 2329 laudemiali
1279 2281 1330 2326 in
1362 2296 1488 2324 com-

93 2380 249 2411 mune
296 2371 343 2408 et
376 2365 684 2426 privatorum
751 2365 1143 2408 emolumentum
1178 2361 1484 2425 prospectus!

94 2462 205 2492 cum
246 2462 336 2506 pro
370 2462 496 2490 nunc
527 2447 619 2489 hoc
648 2445 789 2490 titulo
817 2461 906 2507 per
941 2443 1158 2488 dominia
1185 2441 1485 2488 terrestralia

95 2527 155 2572 de
195 2526 398 2570 urhario
445 2527 570 2571 nihil
595 2543 794 2589 prorsus
834 2524 1164 2588 percipiatur3
1202 2526 1284 2569 sed
1308 2540 1394 2569 nec
1423 2523 1487 2566 le-

96 2623 176 2675 ges
213 2605 401 2667 patriae
454 2607 645 2652 idmodi
698 2616 918 2654 taxarum
965 2605 1358 2670 desumptionem
1393 2619 1486 2648 uno

97 2703 241 2748 quam
271 2683 621 2733 stabiliverunt.
