1669 3189
579 181 650 193 m.
706 160 795 213 507
855 180 924 191 m.

62 273 246 313 stanter
266 281 356 329 pro
375 267 546 312 curiali
562 268 670 314 loco
684 268 846 332 agnita
871 266 934 312 sit
955 263 1181 325 ,indeque
1200 262 1459 320 inferatur,

64 347 218 392 nullos
235 347 314 391 hic
330 349 420 392 loci
437 348 768 409 praeexistere
785 347 1174 399 colonos,verum
1190 351 1341 388 totam
1355 361 1463 406 pos.

65 427 329 473 sessionem
355 429 412 473 ad
438 436 614 473 statum
646 425 1007 488 inquilinorum
1047 424 1465 471 domiciliatorum

56 510 229 556 reduci
271 510 483 564 debere,
519 524 627 552 eam
653 525 679 552 a
720 513 858 568 parte
885 507 1097 551 dominii
1123 505 1465 568 interpositam

60 589 207 635 fuisse
224 589 477 644 cautelam,
510 587 640 649 quod
666 587 806 631 titulo
823 586 1298 647 appertinentiarum
1313 586 1468 630 indic..

63 676 185 713 tatos
201 683 343 731 agros
361 668 551 712 domini
565 672 825 711 terrestres
839 682 934 710 non
951 673 1314 728 recognoscant,
1330 682 1462 711 secus

56 748 442 811 postsunduales,
493 747 584 791 nisi
607 763 663 791 ex
697 746 855 808 gratia
889 746 1209 791 dominorum
1234 763 1324 807 pro
1360 762 1461 790 me-

54 828 170 872 liori
203 826 511 873 subsistentia
545 828 830 871 colonorum
860 827 1081 884 collat053
1108 833 1156 871 et
1182 843 1208 871 a
1237 827 1464 888 benepla„

58 910 151 954 cito
184 908 392 953 dominii
420 909 767 969 dependentes.

160 991 489 1035 Possessiones
517 990 800 1034 nobilitares
827 988 879 1032 in
907 986 1145 1031 comitatu
1163 993 1457 1031 annotantur

60 1079 345 1133 sequentes:
380 1069 609 1130 Zarjecz,
643 1069 856 1124 Reblov,
891 1067 1122 1121 Hradna,
1165 1066 1460 1111 Ovcsarszko

54 1177 121 1183 --—
154 1154 323 1213 Luky,
359 1151 476 1195 sels&
511 1150 734 1206 Vadicso,
771 1149 971 1205 Szulov,
1024 1147 1341 1202 Hlobucsicz,
1375 1146 1463 1191 Ro-

52 1247 143 1275 zon
188 1233 459 1292 Neporacz‚
521 1224 697 1275 Nemes
750 1231 984 1286 Hocsocz,
1029 1228 1334 1283 Szedlics'na,
1412 1233 1463 1271 et

55 1309 159 1354 Riss
178 1311 550 1355 Zsambohreth.

180 1389 432 1450 Oppidum
479 1388 693 1450 Sziget
732 1389 782 1433 in
829 1391 1061 1434 comitatu
1097 1386 1460 1449 Siimeghiensi‚

53 1467 262 1513 condam
288 1468 467 1513 Jacobo
488 1467 732 1529 baroni{de
754 1469 1003 1513 Neffczern
1035 1472 1269 1515 Gamerae
1295 1468 1464 1530 regiae>

55 1548 325 1612 hungarico
363 1549 547 1594 aulicae
577 1548 860 1593 consiliario
894 1560 1016 1604 1749
1048 1550 1275 1593 collatum
1305 1557 1458 1598 (nunc

51 1627 172 1688 juris
204 1628 443 1674 nobilium
482 1629 731 1679 Festetits)
766 1629 901 1691 juxta
936 1627 1344 1689 conscriptionem
1391 1643 1462 1671 ca-

49 1710 292 1754 mel-alem
317 1724 442 1753 anno
474 1716 610 1756 1747,
637 1709 859 1754 domibus
879 1711 986 1756 364.
1011 1707 1285 1770 provisum,
1309 1707 1360 1750 in
1386 1721 1460 1749 re-

51 1788 392 1850 demptionem
447 1788 656 1850 cujusvis
690 1789 884 1851 generis
915 1787 1136 1832 dominio
1167 1787 1282 1832 alias
1315 1787 1459 1830 obve-

49 1869 296 1914 nientium
333 1868 607 1924 datiarum,
665 1869 858 1930 fineque
897 1867 1106 1912 ulterius
1157 1867 1233 1912 sui
1273 1867 1324 1912 in
1359 1884 1451 1912 usu

53 1947 438 2010 privilegiorum
469 1964 670 1992 suorum
692 1981 706 2004 ,
741 1955 913 2010 utpote
949 1947 1306 1993 educillationis
1333 1954 1456 1991 tem-

50 2043 200 2089 pore,
261 2027 413 2071 trium
457 2045 547 2089 per
590 2045 771 2073 annum
808 2028 1146 2073 nundinarum
1175 2061 1186 2071 .
1222 2044 1313 2089 per
1356 2036 1455 2072 tres

52 2115 410 2169 consequenter
443 2108 544 2153 dies
587 2110 948 2155 continuandae
981 2108 1367 2172 permansionis,
1404 2105 1460 2148 ti-

49 2189 155 2232 tulo
181 2204 352 2233 census
390 2189 648 2234 dominalis
675 2205 919 2234 summam
956 2195 1049 2237 400
1073 2189 1118 2236 ss,
1148 2196 1263 2231 tunc
1294 2186 1455 2231 solvit.

181 2270 570 2314 Communitates
605 2269 656 2313 in
691 2268 928 2313 comitatu
962 2268 1195 2313 Pestiensi
1220 2267 1281 2311 ad
1324 2265 1458 2328 prin-

56 2346 219 2408 cipem
249 2349 606 2396 Grassalkovics
644 2357 946 2412 spectantes,
1001 2346 1321 2393 contractuali
1361 2353 1458 2390 tra⁴

54 2433 293 2473 ctamento
317 2430 556 2489 provisae,
594 2439 641 2476 et
669 2429 1119 2493 quidempofssessio
1143 2428 1454 2473 Csik-Tarcsa

49 2525 203 2571 penes
251 2516 557 2556 contractum
601 2512 903 2558 urharialem
961 2511 1074 2556 anni
1114 2516 1250 2571 1774.
1287 2524 1456 2553 secun-

55 2591 166 2635 dam
200 2589 473 2635 institutam
506 2599 613 2638 ante
652 2611 831 2655 paucos
871 2609 1018 2637 annos
1056 2591 1241 2637 terreni
1271 2590 1343 2635 sui
1379 2605 1453 2632 re-

54 2671 472 2716 mensurationem
505 2673 717 2734 possidet
753 2673 803 2719 in
829 2674 957 2737 agris
1010 2674 1181 2737 jugera
1222 2671 1361 2719 1665.
1399 2670 1450 2713 in

55 2751 206 2813 pratis
222 2767 340 2797 vero
359 2751 534 2817 jugera
554 2763 645 2803 205
662 2769 676 2813 5
694 2753 921 2801 sessiones
951 2761 1062 2801 sunt
1079 2769 1153 2818 27.
1171 2748 1451 2800 Communi«
