1669 3189
592 142 935 201 m595u..

65 248 284 314 (Quoad
328 252 741 309 imputationem
785 252 1121 297 dumetorum
1153 282 1167 306 ‚
1219 259 1462 310 vepreto-

131 332 251 360 ram
288 322 339 360 et
378 318 762 375 palisecioram
808 320 866 361 in
901 319 1311 362 constitutivam
1362 336 1462 364 ses·

130 382 340 426 sionale
369 384 613 442 qualiter
638 384 1066 433 instituendam.)

197 499 241 536 3.
275 490 504 551 Quamvis
528 489 574 535 ,b
597 490 832 535 resolutio
862 489 997 551 regia
1024 490 1112 534 sul)
1142 500 1217 539 28.
1247 489 1458 550 januarii

70 578 191 614 1775
247 566 475 614 intimata
533 585 641 627 eas,
679 569 851 630 quibus
893 569 1128 626 dumeta,
1164 577 1366 631 vepreta
1407 579 1455 615 et

60 647 286 707 palisecia
329 648 382 692 in
418 649 782 693 constitutivum
823 649 1112 710 imputanda
1148 652 1343 710 provisa
1392 669 1460 696 es-

60 743 109 771 se
134 726 344 785 dehent,
381 729 631 791 qualitates
667 729 845 774 diserte
880 729 1262 791 praescriberet,
1297 746 1457 792 neque

60 807 194 853 aliud
222 815 523 870 superesset,
560 825 707 870 quam
739 816 793 853 ut
818 809 1160 871 praetitulatae
1176 813 1235 856 D.
1251 821 1458 868 vestrae,

60 890 431 951 eorundemque
458 898 752 952 exequentes
792 893 1178 955 magistratuales
1201 894 1457 956 ⁴benignae

56 969 170 1014 huic
198 970 486 1016 resolutioni
512 972 677 1034 regiae
697 979 854 1017 semet
876 973 1323 1029 accommodarent,
1344 991 1455 1018 cum

56 1049 377 1095 nihilominus
402 1050 451 1095 in
484 1050 721 1096 comitatu
754 1053 846 1097 hoc
887 1052 1044 1097 omnis
1080 1052 1277 1115 generis
1305 1055 1456 1114 sylvas

55 1146 148 1190 pro
180 1129 437 1190 paliseciis,
475 1131 675 1176 dumeta
695 1148 811 1177 vero
847 1138 896 1177 et
931 1139 1130 1194 vepreta
1160 1132 1276 1176 talia
1304 1133 1455 1177 etiam

55 1226 178 1270 quae
193 1227 445 1272 nunquam
459 1218 608 1267 arata,
627 1212 708 1256 sed
738 1229 931 1274 semper
955 1213 1053 1256 solo
1086 1210 1344 1257 necessarii
1376 1229 1456 1273 pa-

57 1290 159 1334 scui
197 1286 399 1335 nomine
436 1301 608 1337 usuata
639 1300 807 1349 erant,
854 1292 1071 1337 dimensa
1098 1325 1111 1348 ,
1148 1300 1195 1336 et
1228 1309 1318 1353 per
1354 1308 1458 1337 exe-

57 1377 258 1430 quentes
303 1371 688 1433 magistratuales
733 1389 825 1434 pro
861 1372 1172 1417 constitutivo
1197 1372 1245 1416 in
1275 1389 1329 1416 ea
1357 1373 1456 1432 pla-

52 1465 115 1493 ne
147 1448 412 1511 quantitate
444 1460 687 1513 assumpta
715 1469 815 1497 esse
841 1454 1219 1507 observaretur,
1265 1459 1316 1496 ut
1346 1469 1454 1513 per-

53 1528 331 1574 hibentibus
362 1531 478 1575 actis
515 1531 840 1576 urbarialibus
864 1531 1012 1592 aliqui
1041 1531 1219 1575 suhd1ti
1247 1532 1356 1590 plus
1391 1533 1451 1575 de

52 1608 286 1665 dumetis,
303 1610 528 1672 vepretis,
558 1619 605 1656 et
624 1610 775 1672 pa‘lise
789 1610 903 1665 ciis,
965 1626 1111 1671 quam
1150 1612 1208 1654 de
1242 1611 1367 1672 agris
1405 1619 1452 1656 et

51 1688 311 1734 foenilibus
337 1691 524 1733 tabellis
540 1690 812 1734 urbarialib
822 1707 875 1734 us
890 1689 1184 1749 inscriptum
1210 1690 1449 1745 habeant,

51 1767 200 1830 idque
224 1785 281 1813 eo
313 1769 493 1830 majori
523 1769 749 1830 ipsorum
779 1786 888 1813 cum
920 1768 1172 1830 aggravio,
1223 1776 1270 1813 et
1295 1772 1452 1830 publi,

54 1848 96 1891 ci
115 1848 430 1903 detrimento,
447 1849 577 1910 quod
601 1847 907 1909 praeattactis
933 1847 1141 1892 dumetis
1167 1855 1213 1891 et
1237 1851 1448 1909 vepretis

51 1943 141 1972 nec
167 1927 220 1971 in
251 1944 391 1990 agros
419 1926 637 1973 converti
664 1927 972 1990 queuntibuS,
1008 1934 1055 1970 et
1077 1926 1232 1970 omnis
1256 1929 1450 1989 generis

51 2007 192 2068 sylvis
226 2025 316 2069 pro
358 2009 519 2052 fundis
552 2006 886 2053 sessionalibus
914 2006 1198 2067 assumptis,
1235 2006 1447 2051 miseris-

54 2105 146 2150 que
174 2088 457 2133 hominibus
492 2089 729 2133 beneficio
747 2085 948 2130 alterius
975 2084 1140 2146 pascui
1175 2085 1445 2143 destitutis,

49 2169 162 2214 inde
196 2185 296 2214 non
325 2185 477 2213 onera
515 2175 702 2213 tantum
734 2166 1000 2212 urbm-iana
1031 2170 1197 2209 contra
1229 2174 1445 2227 praesta-

48 2249 187 2294 hilita
211 2249 526 2312 regulationis
558 2248 801 2310 principia
830 2244 1112 2290 notabiliter
1139 2253 1437 2302 accrescant,

51 2331 138 2376 sed
163 2331 310 2375 etiam
345 2336 557 2391 spectato
596 2328 861 2372 intrinseco
899 2326 1137 2385 ejusmodi
1176 2326 1443 2370 fundorum

47 2413 228 2467 valore,
249 2427 326 2455 res
356 2411 432 2455 vix
465 2417 653 2455 tantum
682 2409 854 2465 valeat,
891 2415 1123 2470 quantum
1147 2405 1312 2450 miseri
1340 2421 1446 2449 con-

47 2492 318 2537 tribuentes
343 2492 401 2538 de
427 2508 555 2536 anno
582 2490 631 2534 in
672 2505 853 2534 annum
895 2489 1033 2533 titulo
1085 2486 1434 2532 obventionum

48 2572 370 2618 urbarialium
401 2574 458 2616 ab
486 2572 660 2617 iisdem
686 2577 930 2632 praestare
958 2570 1224 2624 deberent,
1278 2573 1331 2610 ut
1363 2566 1441 2609 vel

48 2669 107 2698 ex
142 2653 258 2699 hinc
287 2660 483 2715 pateat,
504 2659 683 2714 quanta
710 2651 841 2696 inser
862 2651 991 2712 ipsos
1010 2649 1219 2694 subditos
1248 2648 1442 2692 induce·

47 2740 187 2779 retur
213 2733 573 2797 improportio,
621 2733 661 2777 si
694 2732 931 2778 nimirum
959 2729 1042 2775 alii
1075 2729 1438 2776 constitutivum

965 2813 1104 2873 Pp2
