1669 3189
617 160 687 170 -w-
749 139 833 192 457
893 160 962 173 a..

728 242 850 278 ΛΒΤ.
896 224 967 279 11(

490 325 576 368 De
612 323 754 366 libro
770 320 1069 382 fandualc'.

221 437 372 482 Liber
407 434 649 480 fundualis
694 432 1003 491 (OEjrunbbucb)
1047 432 1262 495 singulae
1301 450 1483 495 posses-

93 516 240 560 sionis
267 515 515 561 occasione
544 512 804 557 urharialis
831 513 1152 574 regulationis
1194 521 1481 559 tenutorum

94 596 432 641 colonicalium
466 593 640 638 confici
671 592 834 637 solitus
864 592 1084 639 continet
1119 603 1372 656 sequentes
1405 612 1484 641 ru-

91 675 248 721 bricas
270 693 280 718 :

223 766 261 800 1.
310 755 581 798 Numerum
619 750 805 795 domus.
851 761 896 797 2.
933 749 1142 795 Nomina
1190 755 1484 802 colonorum

81 851 176 879 una
197 850 309 879 cum
338 832 669 894 designatione
703 830 1019 887 intraviflani,
1044 847 1393 896 agrorumque,
1427 844 1475 881 et

85 921 374 976 pratorum,
428 911 482 955 id
518 919 589 957 est
642 928 752 955 cum
793 913 1183 958 nomenclatione
1232 922 1483 962 terrarum

91 994 374 1049 arabilium,
411 1000 458 1037 et
491 1000 765 1055 pratorum.
802 1005 845 1041 5.
867 994 1103 1039 sessionis
1150 996 1363 1056 qualitas.
1435 1002 1483 1044 4.

88 1075 256 1120 Classis
286 1081 464 1118 terrae.
504 1085 549 1121 5.
585 1072 819 1118 Latitudo
858 1099 922 1106 --
960 1091 1059 1119 una
1088 1099 1153 1106 ——
1189 1075 1282 1118 alia
1322 1100 1387 1105 -—
1431 1078 1478 1120 Ο.

86 1155 382 1216 LongitudO.
419 1166 456 1200 ἵ.
497 1156 623 1216 Quot
662 1155 821 1216 orgias
865 1156 1122 1216 quadratas
1159 1155 1392 1200 efficiant.
1431 1163 1476 1202 8.

84 1236 266 1297 Jugera
291 1241 336 1279 et
367 1232 581 1295 quidem.
599 1251 645 1296 9.
675 1235 976 1280 Intravillani
1007 1247 1078 1282 10.
1101 1241 1348 1278 terrarum
1375 1249 1480 1278 ara-

82 1315 270 1359 bilium.
305 1328 377 1362 11.
407 1318 591 1360 Currus
618 1315 765 1360 foeni.

205 1396 302 1439 NB.
344 1395 450 1437 Post
506 1394 701 1438 colonos
751 1403 1023 1456 sequuntur
1070 1395 1324 1458 inquilini,
1362 1413 1477 1456 quo-

81 1491 195 1518 rum
228 1473 594 1518 intravillanum
620 1474 939 1535 designatur,
982 1483 1032 1518 et
1071 1477 1109 1519 si
1153 1477 1270 1538 quid
1309 1475 1474 1521 nesors

81 1556 133 1600 in
155 1555 299 1600 terris
322 1553 582 1599 arabilibus
606 1556 683 1600 vel
706 1554 940 1599 falcastris
965 1556 1297 1617 possiderent,
1326 1563 1477 1617 prout

83 1653 194 1681 usus
224 1636 339 1680 hinc
366 1643 411 1679 et
447 1635 563 1680 inde
614 1635 829 1693 obtinet,
864 1652 1112 1699 peraeque
1161 1636 1213 1682 in
1252 1635 1474 1682 fundu-ali

76 1716 206 1761 libro
238 1715 569 1760 annotandum
598 1723 678 1760 est.

211 1796 361 1839 Liber
399 1794 639 1839 sundualis
681 1795 914 1857 adjustari
959 1796 1107 1841 debet
1143 1813 1234 1858 per
1276 1811 1474 1858 geome-

81 1885 238 1932 tram,
286 1883 331 1919 et
365 1875 417 1918 in
449 1875 621 1920 eodem
669 1883 943 1920 contentam
983 1877 1371 1932 dimensionem,
1418 1883 1467 1920 et

82 1963 364 2001 tenutorum
404 1955 741 2000 colonie-alium
789 1956 1113 2013 divisionem,
1163 1957 1383 2003 instituta
1424 1956 1477 2001 in

83 2036 207 2082 facie
243 2035 337 2081 loci
375 2036 529 2097 proba
572 2035 793 2097 pluribus
828 2036 879 2081 in
920 2037 1040 2082 locis
1080 2037 1474 2083 remensurando

78 2119 257 2181 ubique
282 2117 532 2179 expositae
558 2117 811 2179 quantitati
835 2118 1141 2164 conformem
1176 2127 1223 2164 et
1241 2119 1477 2179 adaequa-

76 2207 177 2243 tam
218 2200 488 2255 inventam,
524 2198 781 2260 taliterque
818 2200 1195 2244 authentici-{tam
1236 2215 1474 2261 recognoae

81 2278 311 2324 scendam
353 2295 451 2324 esse
507 2295 596 2341 per
641 2277 907 2324 articulare
951 2279 1321 2338 testimonium,
1367 2280 1473 2325 suh-

82 2359 262 2423 scripto
289 2359 438 2407 etiam
457 2367 718 2426 goometra
744 2359 1065 2408 comitatensi.
