1669 3189
627 186 697 200 m
754 164 840 221 489
897 185 968 224 *r

651 267 772 304 ΛΒΤ.
830 267 940 303 VIII.

134 352 215 396 De
241 347 614 393 contractibus
637 362 798 404 saper
823 345 1108 406 regalibus
1131 338 1415 408 beneflciis

581 412 962 458 dominalibas.
1218 410 1227 419 ”

218 523 629 569 Exarendationes
665 524 936 587 regalium,
981 525 1286 586 aliorumque
1329 523 1473 568 bene-

89 606 314 651 ficiorum
354 603 706 660 dominalium,
759 611 807 649 et
847 621 996 666 super
1031 605 1136 662 his,
1204 603 1474 667 ceterisque

91 687 153 730 ad
182 685 436 731 urbarium
468 684 600 729 haud
637 684 951 730 influentibus
981 684 1111 730 inter
1155 687 1376 742 colonos,
1428 690 1477 727 et

88 766 343 812 dominum
383 772 664 810 terrestrem
700 778 812 810 cum
853 765 1081 811 libertato
1120 767 1323 811 ineundi
1369 782 1477 810 con-

88 853 270 891 tractus
303 846 481 908 absque
518 847 666 891 etiam
705 846 986 891 testimonio
1039 846 1294 891 comitatus
1342 845 1476 890 licite

91 942 313 988 semper,
348 926 603 988 valideque
627 926 745 971 iniri
770 933 1019 987 poterunt.
1090 928 1231 974 Instr.
1257 927 1476 973 comissa-

90 1005 283 1051 riorum
310 1005 565 1068 regiorum
600 1005 642 1065 §0
674 1009 750 1053 26.
783 1008 842 1051 ad
869 1025 915 1068 p.
953 1019 994 1055 5.
1029 1006 1157 1051 circa
1181 1007 1347 1053 finem.

215 1087 494 1133 Praesentia
525 1087 656 1132 enim
686 1087 803 1132 dicti
826 1088 1094 1134 testimonii
1119 1090 1179 1134 ad
1205 1094 1476 1134 contractus

86 1167 296 1223 similes,
366 1174 453 1212 aut
510 1168 914 1213 exarendationes
971 1185 1113 1229 super
1157 1167 1476 1231 proventibus

87 1246 161 1291 his
194 1246 374 1292 colonis
404 1253 485 1292 aut
515 1248 945 1294 communitatibus
973 1247 1135 1303 factis,
1171 1248 1306 1309 juxta
1337 1249 1483 1293 urba-

85 1326 150 1370 rii
178 1345 230 1388 p.
269 1340 311 1375 5.
345 1328 383 1387 §.
412 1341 483 1375 11.
520 1344 616 1375 non
646 1337 718 1374 est
757 1330 1072 1383 necessarias
1111 1330 1247 1373 idem
1292 1327 1478 1372 obtinet

86 1406 140 1451 in
163 1408 351 1451 Banatu
371 1423 474 1468 cap,
499 1415 543 1460 4.
566 1414 602 1460 9.
629 1412 673 1456 6.
756 1409 956 1471 Regalia
983 1410 1114 1455 enim
1140 1418 1186 1454 et
1210 1398 1481 1453 dominali'a

87 1486 325 1532 beneficia
360 1495 576 1548 spectant
607 1488 666 1533 ad
700 1489 912 1534 evictam
940 1489 1130 1551 jurium
1153 1489 1481 1534 dominalium

87 1568 461 1630 proprietatem,
489 1584 611 1630 quae
641 1567 883 1626 instituto,
929 1576 977 1614 et
1005 1568 1313 1631 dispositioni
1339 1570 1481 1613 urba-

87 1648 202 1696 riali
236 1665 334 1696 non
370 1647 652 1695 includitur.

655 1794 776 1830 ΛΒΤ.
820 1796 896 1830 ΙΧ.

87 1878 170 1923 De
187 1877 579 1922 combinatorc‘o
595 1876 974 1928 instrumento,
1004 1876 1052 1918 si
1077 1879 1392 1919 contractus
1419 1873 1478 1916 in

158 1944 324 1988 vicem
350 1944 567 1986 zzrbaril
593 1943 872 1996 ineantur,
904 1938 1278 2004 efformand05
1308 1955 1416 1984 non

378 2015 559 2053 tamen
590 2009 703 2052 sint
731 2008 830 2051 illo
858 2009 1210 2052 onerosiores.

223 2121 271 2167 Si
298 2118 530 2182 quopiam
544 2118 595 2164 in
621 2119 725 2164 loco
744 2117 795 2163 in
823 2118 982 2164 vicem
1007 2114 1268 2163 urbarialis
1289 2115 1479 2177 regula-

91 2200 256 2257 tionis,
297 2198 557 2245 dominum
581 2203 884 2252 terrestrem,
938 2203 985 2241 et
1017 2197 1210 2241 colonos
1241 2212 1326 2241 seu
1356 2212 1485 2241 com-

89 2281 347 2326 munitates
364 2280 678 2326 subditorum
694 2278 840 2333 inter,
868 2284 1142 2323 contractus
1160 2276 1306 2321 initus
1322 2276 1484 2321 extite-

93 2361 186 2416 rit,
210 2359 438 2406 inomisse
459 2376 651 2422 semper
680 2358 1011 2421 investigetur,
1039 2374 1100 2402 an
1133 2365 1240 2403 ante
1265 2358 1483 2403 introdu-

93 2448 219 2487 ctam
233 2441 536 2486 urbarialem
554 2439 909 2504 regulationem
931 2441 1188 2502 quaepiam
1207 2439 1484 2485 conventio-

91 2539 176 2568 nes
202 2529 284 2567 aut
319 2528 592 2567 contractus
623 2520 889 2576 extiterint,
926 2536 978 2565 ac
1013 2522 1050 2565 si
1088 2528 1132 2566 et
1164 2521 1216 2565 in
1253 2526 1486 2582 quantum

91 2602 441 2666 praefuissent,
481 2604 628 2648 etiam
660 2603 778 2647 tales
808 2601 1036 2664 priorum
1071 2607 1349 2663 temporum
1375 2617 1484 2646 con-

92 2684 341 2729 ventiones
363 2685 410 2728 in
441 2683 853 2729 combinationem
871 2689 1248 2738 assummantur,
1286 2700 1346 2727 an
1376 2683 1482 2726 sub-

96 2764 185 2809 diti
208 2781 300 2827 per
320 2781 396 2811 eas
427 2764 576 2826 paulo
606 2763 810 2811 liberius
838 2764 989 2809 habiti
1017 2760 1118 2812 nonv
1140 2763 1349 2820 suerint,
1407 2763 1484 2808 ad-
