1669 3189
576 173 646 183 m
705 151 791 210 597
849 173 919 185 Μ·
963 215 967 217 Α

50 258 337 313 exequentes
361 253 754 316 magistratuales
782 271 839 299 eo
856 256 984 300 ultro
1021 254 1341 311 instruantur,
1373 262 1428 300 ut

48 334 173 376 circa
191 334 459 394 praemissa
487 333 787 378 constitutivi
806 334 1011 395 objecta,
1033 334 1264 379 institutis
1292 336 1432 380 seriis

45 413 497 477 investigationibus
524 446 537 469 ,
587 414 904 475 sepositisque
960 413 1184 459 omnibus
1223 415 1433 478 ambagi-

44 491 134 536 bus
174 510 281 538 rem
330 486 547 554 praecise
604 492 854 537 tenoribus
901 492 1226 555 benignarum
1255 497 1434 540 resolu-

42 573 236 617 tionum
263 573 513 636 regiarum
548 573 938 629 accommodent,
975 581 1022 617 et
1057 573 1107 618 in
1136 592 1188 618 re
1218 584 1318 619 tam
1336 593 1437 620 mo-

42 662 267 699 mentosa
325 671 525 699 omnem
576 654 971 715 praecautionem
1026 656 1317 711 adhibeant,
1367 671 1436 700 se-

41 735 260 796 quaciter
293 735 505 788 dumeta,
532 739 751 793 vepreta,
789 740 836 777 et
879 733 1110 794 palisecia
1168 734 1218 778 in
1247 751 1304 778 eo
1335 741 1435 780 tan-

40 820 145 857 tum
174 832 283 858 casu
318 828 410 875 pro
441 812 634 873 objecto
670 813 963 858 constitutivi
990 814 1354 870 assummant,si
1384 814 1439 859 il-

38 894 86 938 la
122 892 432 955 qualitatibus
473 909 560 954 per
598 893 643 938 b.
707 893 1026 940 resolutiones
1059 895 1213 957 regias
1265 894 1433 939 defixis

38 973 179 1034 plene
230 980 276 1017 et
319 972 587 1033 adaequate
640 975 1024 1034 correspondere
1060 974 1323 1019 adinventa
1358 974 1429 1017 su-

42 1053 199 1107 erint,
237 1051 507 1114 sequaciter
556 1052 738 1097 subditi
774 1053 1007 1098 beneficio
1046 1054 1240 1115 pascui,
1296 1061 1342 1097 et
1378 1054 1432 1098 li-

35 1132 288 1195 gnationis
320 1133 511 1177 aliunde
539 1133 837 1178 sufficienter
866 1135 1050 1196 provisi
1075 1136 1347 1191 extiterint,
1385 1141 1433 1179 et

35 1212 89 1256 id
120 1212 322 1274 quidem
351 1220 485 1257 tanto
514 1229 540 1256 a
571 1213 798 1270 fortiori,
837 1217 963 1277 quod
992 1215 1132 1278 regni
1159 1215 1301 1275 hujus
1326 1232 1436 1276 par-

35 1292 163 1335 tibus
198 1292 247 1336 in
277 1308 334 1336 eo
371 1291 517 1337 etiam
560 1302 877 1356 prospectum
904 1297 995 1351 sit,
1029 1303 1081 1339 ut
1105 1296 1155 1340 in
1192 1304 1432 1358 quantum

36 1370 217 1414 subditi
258 1372 386 1415 ultra
413 1372 744 1418 necessitatem
768 1375 933 1435 pascui
958 1382 1005 1419 et
1034 1374 1314 1438 lignationis
1344 1375 1431 1436 syl-

34 1467 112 1495 vas
154 1450 493 1511 possiderent,
515 1451 720 1514 hasque
762 1455 889 1502 ultro
924 1456 1136 1500 retinere
1165 1462 1429 1517 cuperent,

35 1531 95 1575 ab
134 1530 208 1575 his
245 1530 338 1574 rite
369 1531 761 1588 conscribendis,
813 1541 860 1577 et
901 1535 961 1578 ad
984 1535 1337 1595 praescriptam
1364 1541 1431 1577 ta-

32 1612 210 1656 bellam
250 1611 518 1657 referendis
553 1612 932 1659 hebdomadales
971 1615 1239 1659 urbariales
1271 1614 1431 1657 robot-

30 1699 102 1736 tas
136 1698 387 1752 praestare
433 1691 743 1752 obligentur,
787 1700 841 1736 ut
895 1693 1017 1738 adeo
1066 1692 1298 1738 altissima
1339 1693 1429 1736 hae

28 1771 329 1816 resolutione
357 1769 491 1832 regia
516 1771 566 1815 in
598 1770 818 1816 savorem
850 1773 1168 1817 dominorum
1182 1772 1428 1817 terrestri-

33 1868 117 1895 um
138 1851 282 1906 edita,
300 1850 552 1912 reliquum
571 1851 646 1907 sit,
665 1859 717 1895 ut
742 1852 898 1912 sylvae
914 1868 1004 1913 pro
1023 1853 1430 1913 paliseciisincon

33 1931 305 1975 stitutivum
323 1931 598 1993 improprie
620 1931 910 1992 imputatae,
926 1949 950 1976 e
970 1931 1151 1976 tabellis
1173 1931 1428 1976 urbariali-

30 2013 118 2058 hus
135 2020 489 2075 expungantur,
516 2020 559 2056 et
577 2012 635 2056 ad
650 2012 845 2057 tabellas
861 2013 1101 2074 sylvarum
1118 2012 1186 2055 ita
1214 2011 1428 2056 referans

28 2100 124 2150 tur,
151 2100 202 2137 ut
221 2093 259 2137 si
293 2094 374 2137 has
406 2093 585 2137 subditi
618 2092 707 2147 illi,
750 2093 810 2136 ad
844 2109 958 2154 quos
973 2093 1428 2154 hactenuspertine-

28 2174 173 2230 bant,
220 2190 334 2236 erga
384 2172 760 2216 hebdomadales
809 2174 1022 2217 robottas
1064 2172 1308 2233 possidere
1346 2188 1425 2217 vo-

28 2254 165 2310 lunt,
199 2270 347 2315 penes
377 2270 453 2298 eos
480 2254 611 2298 ultro
634 2253 979 2314 relinquantur
1021 2251 1197 2314 quodsi
1226 2270 1338 2298 vero
1373 2253 1426 2297 hi

29 2337 150 2380 tales
198 2335 417 2378 retinere
463 2332 676 2386 nollent,
722 2330 824 2374 aliis
870 2329 1211 2391 praeferenter
1259 2337 1424 2374 tamen

29 2413 335 2469 domesticis,
380 2413 496 2458 dein
527 2419 689 2456 autem
714 2410 951 2456 extraneis
985 2412 1132 2455 etiam
1151 2411 1423 2464 elocentur,

29 2495 194 2557 sicque
243 2502 288 2539 et
347 2491 538 2537 domini
576 2498 832 2536 terrestres
873 2489 1060 2548 juribus
1089 2498 1134 2535 et
1168 2488 1420 2534 beneficiis

23 2573 128 2618 ‘suis
166 2578 399 2627 utantur,
437 2578 485 2616 et
510 2570 661 2615 fundo
688 2569 884 2632 publico
920 2569 1280 2632 prospiciatur,
1316 2567 1420 2612 tali-

31 2660 202 2715 terque
244 2651 459 2713 henigne
495 2651 837 2712 praestabilitis
885 2650 1204 2713 regulationis
1235 2648 1418 2711 princi-

29 2734 105 2798 pis
149 2734 246 2780 rite
291 2734 597 2797 adimpletis,
628 2734 680 2780 'et
710 2733 991 2781 omnimode
1025 2731 1305 2786 observatis,
1344 2730 1413 2775 in=
