1669 3189
679 198 749 209 -m
804 177 890 219 586
948 199 1019 212 ..-

583 283 617 327 C
654 283 690 326 Α
723 283 756 326 Ρ
789 285 833 328 U
866 284 911 328 T
976 283 1106 328 VIII.

155 383 570 438 Deiis‚‹111ae
608 374 848 419 colonis
884 375 1218 437 prohibita
1256 387 1416 436 sunt,
1490 386 1547 424 et

427 454 997 547 statutiieatenus
1033 457 1278 520 poenis.

292 588 337 649 §⁴
360 571 700 651 1.⁶Birsagia,
746 604 828 636 seu
861 589 1073 635 mulctae
1113 587 1429 653 pecuniariae
1460 591 1547 635 sub

152 685 454 734 quocumque
481 668 786 731 excogitabili
810 676 1065 731 praetextu
1091 687 1189 716 non
1220 671 1353 728 alias,
1395 688 1540 734 quam

155 752 207 797 in
234 749 469 812 expressis
494 751 602 814 lege
624 748 765 812 regni
792 748 976 795 casibus
1003 751 1177 805 solum,
1214 767 1239 796 a
1261 749 1465 796 subditis
1495 749 1561 796 in·

157 829 353 876 sedibus
400 828 724 874 dominalibus
761 837 1016 890 praesente
1047 830 1302 875 comitatus
1337 830 1546 875 testimo-

152 912 235 957 nio
253 911 477 976 legitime
507 911 767 966 convictiS,
802 910 931 955 salva
955 912 1014 956 ad
1044 912 1256 958 sedriam
1286 912 1542 957 comitatus

157 992 401 1054 appellata
431 991 825 1037 desummantur.

293 1071 334 1132 §.
363 1083 407 1121 2.
474 1073 581 1117 Non
610 1069 901 1116 absimiliter
923 1069 1053 1116 circa
1084 1072 1289 1116 mulctas
1327 1080 1546 1134 praeter-

154 1152 437 1214 birsagiales
469 1151 588 1195 dum
617 1152 675 1195 de
715 1151 891 1196 damno
921 1151 974 1195 in
997 1151 1181 1213 campis
1210 1152 1373 1210 illato,
1421 1161 1465 1199 et
1488 1154 1547 1199 de

153 1230 481 1293 invagiatione
505 1247 766 1293 pecorum,
805 1239 852 1276 et
875 1232 1122 1294 pecudum
1154 1232 1340 1296 agitur,
1389 1233 1552 1296 provi·
1610 1237 1611 1240 ’
1644 1230 1669 1269 2'

156 1310 226 1355 sio
250 1312 369 1374 legis
398 1313 698 1359 observetur.

286 1395 328 1455 ᾗ,
361 1406 403 1443 3.
471 1393 751 1438 Excessuosi
778 1392 959 1438 subditi
994 1401 1128 1439 extra
1157 1409 1288 1439 casus
1323 1395 1432 1457 lege
1466 1394 1549 1440 de-

155 1474 306 1531 cisos,
355 1481 400 1520 et
422 1475 470 1519 in
499 1475 686 1536 punctis
718 1474 1043 1519 urbarialibus
1071 1474 1394 1536 specificatos3
1459 1492 1550 1520 nec

70 1588 72 1590 -
108 1614 115 1620 ι
152 1555 462 1617 pecuniaria,
512 1570 599 1598 nec
639 1553 884 1613 corporali
923 1569 1084 1614 poena
1126 1554 1429 1610 afficiantur,
1477 1571 1552 1600 ve-

152 1651 266 1679 rum
287 1634 445 1689 unius,
470 1633 694 1687 duarum,
720 1638 800 1676 aut
824 1632 883 1677 ad
901 1648 1148 1677 summum
1171 1634 1323 1678 trium
1355 1633 1549 1692 dierum

144 1714 363 1758 manuali
399 1713 585 1758 robotta
607 1719 886 1766 (araturae,
926 1712 1120 1768 messis,
1176 1712 1466 1770 falcaturae,
1502 1720 1547 1759 et

148 1794 508 1840 vindemiarum
540 1799 762 1852 tempore
800 1790 932 1836 haud
966 1791 1221 1854 exigenda)
1260 1791 1544 1854 puniantur.

255 1866 259 1871 ¹
284 1873 322 1933 ς.
341 1879 384 1920 4.
412 1874 458 1919 Si
487 1871 672 1916 subditi
690 1887 790 1916 non
817 1878 997 1917 attenta
1015 1883 1059 1920 3.
1087 1871 1283 1918 dierum
1304 1873 1544 1918 manualis

150 1954 370 1998 robottae
398 1953 579 1997 mulcta
604 1952 735 1996 ultro
763 1952 1087 2009 excederent,
1128 1949 1282 1997 iidem
1316 1961 1451 1998 extra
1472 1970 1547 1998 ca-
1578 1981 1588 1994 ι
1623 1991 1641 2001 ,,

151 2051 229 2079 sus
276 2035 510 2096 gravioris
549 2033 716 2078 delicti
755 2049 846 2093 per
878 2033 1046 2077 sedem
1087 2032 1389 2079 dominalem
1421 2035 1549 2079 deci·

151 2113 360 2170 dendos,
426 2113 573 2158 etiam
626 2119 1012 2157 commensurata
1064 2111 1246 2157 delicto
1304 2112 1548 2175 corporali

148 2209 307 2254 poena
343 2194 412 2238 ita
447 2192 713 2257 castigandi
751 2200 923 2249 erunt,
994 2198 1047 2238 ut
1071 2191 1191 2236 haec
1241 2191 1278 2237 si
1311 2182 1562 2238 excedens'

150 2273 304 2318 suerit
339 2290 506 2331 sanus,
555 2281 601 2318 ct
633 2273 770 2319 sortis
798 2272 1149 2335 constitutionis
1171 2305 1186 2330 ‚
1223 2278 1302 2321 24.
1331 2274 1546 2330 baculos,

149 2355 224 2399 vel
259 2354 391 2416 apud
435 2354 922 2418 sexurn'sequiorem
964 2354 1169 2399 totidem
1207 2353 1408 2399 scuticas
1447 2369 1548 2398 non

153 2435 366 2479 excedat.
418 2460 483 2469 -—
530 2435 578 2481 Si
613 2453 728 2482 vero
765 2435 1053 2497 delinquens
1092 2432 1228 2478 senio
1280 2430 1545 2487 confectus,

152 2520 231 2558 aut
272 2515 596 2561 secus*etiam
640 2516 811 2561 debilis
859 2513 1210 2576 complexionis
1245 2511 1425 2569 fuerit,
1485 2511 1546 2557 ad

154 2610 402 2640 summum
445 2608 490 2645 5.
523 2597 717 2642 dierum
754 2611 949 2641 carcere
985 2612 1078 2657 pro
1108 2594 1299 2638 ratione
1338 2592 1545 2637 circum-

153 2673 439 2722 stantiarum
479 2677 628 2723 etiam
666 2677 716 2724 in
756 2692 912 2739 pane,
959 2681 1005 2721 et
1037 2691 1160 2737 aqua
1183 2673 1432 2720 subeundo
1457 2688 1544 2734 pu-

155 2751 334 2803 niatur.
