1669 3189
551 177 889 221 muoz-3*—

36 300 184 339 nem,
238 297 329 344 per
363 280 499 326 idem
532 282 803 328 Consilium
850 297 961 328 suae
994 281 1241 345 Majestati
1280 297 1436 329 sacra-

39 363 226 409 tissime
252 362 732 424 repraesentandam.

167 442 206 502 §.
240 454 281 498 9.
334 444 392 487 Et
423 443 666 505 siquidem
700 441 1143 505 magistratualihus
1180 442 1435 488 comitatu·
1464 489 1472 500 ‚

35 539 120 567 um
174 522 431 568 circularia
471 522 696 568 intimata
740 523 869 567 circa
921 522 1147 567 ordinem
1186 523 1433 584 sylvarum

36 605 477 661 introducendum,
524 606 610 651 suh
659 617 703 652 5.
748 620 878 650 men.
926 605 1092 665 aprilis
1130 610 1179 648 et
1213 615 1283 650 15.
1321 602 1436 649 Juni

46 692 428 743 1770’exarata,
462 686 591 730 serio
614 683 886 745 injunctum
922 684 1019 745 jam
1043 683 1236 738 suisset,
1288 690 1340 726 ut
1359 699 1436 726 ur.

41 766 240 812 barialis
271 764 512 827 regulatio
541 761 734 824 reliqua
755 762 886 806 inter
922 761 1069 805 etiam
1098 762 1256 823 quoad
1280 762 1437 825 ligno-

38 861 152 889 rum
179 845 362 890 ibidem
400 842 817 905 praescriptorum
853 842 1227 904 praestationem
1263 842 1311 887 in
1351 861 1436 888 suo

35 925 206 987 vigore
247 931 294 969 et
336 924 515 968 robore
548 929 897 979 conservetur,
953 923 1111 967 omnis
1144 923 1195 967 in
1232 923 1321 967 hoc
1355 939 1435 985 ge-

36 1021 154 1050 nere
186 1004 456 1050 exhibenda
497 1002 810 1065 querimonia
849 1002 1056 1047 sollicite
1096 1001 1436 1065 investigetur,

40 1093 85 1130 et
140 1084 309 1130 medio
358 1083 558 1128 Consilii
610 1083 808 1129 locumt,
855 1081 980 1146 regii
1034 1099 1145 1127 suae
1189 1082 1436 1144 Majestati

38 1164 389 1211 sacratissimae
430 1165 774 1220 submittatur,
840 1165 954 1209 hinc
996 1163 1240 1210 occasione
1284 1165 1434 1208 etiam

37 1261 226 1290 annuae
250 1243 636 1308 investigationis
660 1247 811 1291 solers
832 1245 1017 1291 idcirco
1065 1262 1269 1291 examen
1296 1260 1438 1306 pera-

36 1333 142 1382 tur,
205 1333 253 1370 et
286 1341 378 1387 per
418 1333 712 1388 exequentes
757 1328 1040 1385 comitatui,
1102 1327 1279 1373 abinde
1317 1341 1434 1370 vero

37 1406 250 1452 Consilio
274 1406 474 1451 locumt.
499 1406 637 1469 regio
665 1407 993 1453 submittatur.

604 1607 669 1620 *Qu
676 1608 744 1620 vm
750 1610 816 1620 sm
821 1608 892 1619 nm

35 1756 355 1816 Urbarialis
404 1756 683 1830 regulatio
717 1753 1028 1813 Slavoniae
1062 1755 1436 1814 comitatuum

214 1847 475 1916 Veron,
517 1846 760 1921 Posega‚
806 1861 866 1904 et
891 1846 1228 1907 Sirmiensi&

40 1969 106 2013 Ex
127 1970 173 2014 b.
205 1970 420 2031 recripto
439 1967 694 2025 urbariali,
721 1969 972 2014 Slavoniae
1006 1968 1259 2015 comitatus
1285 1970 1435 2032 respi-

171 2048 348 2106 ciente,
388 2062 460 2098 15.
490 2048 670 2094 mensis
694 2049 860 2095 martii
901 2054 1039 2099 1756.
1069 2066 1172 2097 nro.
1203 2053 1278 2098 63.
1306 2067 1436 2095 ema-

172 2136 313 2177 nuto,

47 2275 358 2320 Carolc'nzzm
403 2275 842 2335 regulamentum
873 2277 1010 2318 anni
1041 2281 1178 2322 1737.
1209 2274 1435 2340 effectui

454 2340 601 2384 hand
623 2342 1010 2398 mancipatum.

0 2451 1 2506 ξ
170 2465 220 2492 a.
245 2449 351 2492 Jam
369 2449 569 2494 Carolus
596 2449 675 2493 Vl.
703 2464 831 2493 anno
867 2460 1006 2496 1737·
1041 2450 1433 2511 regulamentum

44 2527 315 2584 constituit,
361 2528 413 2573 in
452 2546 544 2592 quo
575 2527 843 2591 punctatim
874 2529 989 2590 quid
1015 2536 1060 2573 et
1089 2536 1321 2591 quantum
1352 2529 1433 2573 do-

0 2607 1 2663 }
43 2608 177 2652 mino
205 2609 430 2652 terrestri
455 2625 480 2652 a
501 2608 694 2653 subdito
724 2608 920 2671 exigere
957 2603 1233 2665 conveniat,
1281 2616 1326 2654 et
1350 2608 1430 2653 hic

0 2667 2 2712 ξ
44 2688 257 2734 vicissim
304 2689 467 2733 eidem
502 2690 716 2751 pendere
753 2689 1024 2753 obligetur,
1073 2691 1432 2753 praescriptum

46 2769 220 2826 extitit,
257 2771 379 2815 illud
403 2770 723 2817 nihilominus
753 2772 946 2818 effectui
977 2773 1308 2835 mancipatum
1331 2788 1432 2816 non
