1669 3189
597 167 940 224 ..w-399...-

78 291 174 338 quo
215 274 417 320 demum
456 290 646 339 cunque
688 277 740 323 in
783 278 963 324 merito
987 273 1150 324 -laesis
1182 289 1469 344 promptam

73 363 326 420 praestent
360 355 756 404 satisfactionem.
783 358 955 404 Adesse
994 366 1157 404 autem
1184 361 1392 407 modum
1426 372 1476 410 et

72 439 180 502 lege
228 445 277 482 et
307 437 688 482 resolutionibus
730 437 881 499 regiis
919 439 1312 502 praescriptum,
1375 461 1471 506 quo

72 518 384 564 subditorum
424 517 675 562 temeritas
711 517 763 562 in
811 517 1058 577 majorem
1104 521 1385 582 licentiam,
1421 532 1474 571 et

71 616 214 645 ausus
245 614 403 660 prona
427 597 637 658 reprimi
664 597 843 658 possit,
894 605 942 643 et
979 601 1232 664 castigari3
1278 606 1472 653 rariora

13 726 16 740 ἶ
69 687 237 725 tamen
261 677 514 738 exempla,
550 683 604 721 ut
630 677 733 742 quis
762 677 816 721 in
843 676 1035 739 juribus
1067 681 1193 738 suis,
1242 692 1290 729 et
1326 686 1472 733 bene..

12 742 17 815 f
69 757 195 804 ficiis
234 763 557 815 sustentatus,
597 756 718 803 citra
744 759 1026 821 graviorem
1059 776 1253 808 causam
1281 764 1333 812 in
1358 785 1469 829 pro.

12 881 15 894 ,
66 836 258 901 fligatos
295 838 524 884 audaciae
553 854 687 884 casus
722 839 989 884 temerarie
1011 840 1330 903 prolabatur,
1355 863 1467 894 cum

11 923 15 939 ⁴
68 919 286 982 alioquin
312 918 508 964 idmodi
539 935 703 978 casus,
753 937 809 965 ex
848 927 985 981 parte
1029 920 1471 975 administrationis

9 1036 13 1058 ÷
66 1000 295 1063 publicae
324 1000 461 1046 omni
489 1016 601 1047 cum
625 1001 794 1064 rigore
822 1008 1042 1048 actutum
1077 1003 1401 1053 vindicentur.

653 1153 776 1188 ART.
821 1153 909 1189 VII.

7 1250 11 1319 f
62 1262 145 1305 De
193 1262 411 1306 actione
463 1266 658 1306 contra
699 1259 1049 1317 excedentes,
1100 1269 1153 1307 et
1201 1267 1259 1309 in
1308 1269 1467 1313 urba-

62 1328 204 1370 rium
266 1333 554 1384 peccantes
596 1340 697 1383 per·
726 1318 937 1384 fiscum
985 1330 1467 1388 magz'stratzzalem

614 1391 896 1449 erigenda.

192 1530 322 1575 Tam
348 1526 536 1572 domini
558 1532 834 1583 terrestres,
871 1543 1020 1589 quam
1052 1537 1099 1574 et
1130 1530 1312 1577 subditi
1343 1537 1465 1582 salu-

4 1608 8 1627 ”
62 1611 153 1656 tari
171 1607 512 1654 adhortatione
528 1608 877 1654 commonendi
899 1617 1023 1666 sunt,
1061 1618 1114 1655 ut
1129 1611 1248 1657 haec
1271 1632 1392 1676 quae
1409 1617 1463 1663 in

2 1709 6 1716 ·
59 1690 297 1738 urbariali
334 1688 642 1751 regulatione
682 1690 953 1735 secundum
976 1691 1263 1738 altissimam
1288 1697 1466 1742 resolu-

2 1779 6 1810 Γ
61 1772 248 1817 tionem
274 1769 467 1833 regiam
495 1770 799 1831 praescripta
823 1778 950 1828 sunt,
986 1779 1033 1817 et
1060 1772 1121 1818 ad
1147 1789 1465 1822 communem

0 1832 6 1919 ξ
61 1852 298 1908 salutem,
332 1849 828 1912 permansionemque
861 1852 1049 1913 plebis,
1086 1869 1140 1898 ac
1174 1871 1463 1917 praecaven-

59 1934 148 1978 dos
186 1947 354 1978 omnes
382 1947 635 1987 excessus,
675 1938 721 1975 et
754 1932 927 1977 abusus
972 1934 1250 1995 pertinent,
1297 1946 1461 1984 exacte

0 2031 5 2061 ,1
61 2016 337 2072 observent,
365 2013 545 2059 subditi
576 2013 777 2075 quidem
805 2014 1118 2077 singulariter
1140 2017 1200 2062 ad
1229 2019 1459 2065 obedien-

0 2077 5 2143 ἶ
58 2097 177 2141 tiam
218 2103 264 2140 et
297 2103 516 2141 exactam
559 2093 890 2156 paritionem,
932 2113 1202 2161 pacemque
1248 2107 1294 2145 et
1335 2107 1461 2146 tran-

0 2238 2 2242 Ι
60 2178 351 2240 quillitatem
379 2176 665 2232 colendam,
709 2183 753 2221 et
779 2177 864 2221 illa
893 2178 1083 2235 omnia,
1132 2195 1254 2239 quae
1288 2179 1342 2223 in
1378 2198 1459 2242 pa-

0 2284 2 2290 *
62 2259 326 2305 tentalibus
363 2258 679 2303 continentur
697 2290 711 2314 ,
747 2256 1050 2303 observanda
1073 2291 1087 2313 ,
1111 2258 1322 2303 vicissim
1343 2278 1458 2306 vero

61 2356 183 2402 quae
244 2339 314 2384 ihi
351 2339 709 2401 prohihentur,
760 2338 846 2383 sub
887 2338 1267 2383 comminatione
1299 2355 1458 2385 carce-

0 2458 2 2463 .
59 2439 173 2467 rum
191 2453 204 2477 ,
240 2420 562 2483 laborumque
588 2419 990 2482 praesidialium,
1027 2426 1074 2463 et
1102 2435 1195 2480 pro
1218 2420 1456 2482 gravitate

57 2501 244 2558 delicti,
280 2500 558 2546 horrendae
588 2501 739 2546 etiam
767 2499 937 2544 mortis
969 2515 1125 2561 poena
1160 2500 1357 2547 vitanda
1387 2521 1457 2549 se-

35 2601 172 2631 rere
199 2580 548 2627 commonendi
577 2588 737 2628 erunt.
806 2580 1011 2624 Domini
1038 2597 1152 2626 vero
1180 2588 1454 2644 terrestres,

60 2674 106 2713 et
130 2670 356 2711 notanter
395 2678 564 2707 eorum
599 2661 829 2705 officiales
869 2661 926 2705 ad
960 2661 1006 2706 h.
1046 2661 1342 2725 rescriptum
1381 2682 1456 2712 re-

62 2748 199 2812 gium
227 2746 315 2792 sub
342 2740 725 2789 comminatione
747 2739 946 2786 actionis
986 2742 1160 2789 fiscalis
1186 2737 1354 2791 contra
1381 2764 1455 2792 ex-
