1669 3189
702 210 769 219 ..„.
830 189 881 239 34
887 194 912 236 4
972 208 1039 220 w..

189 301 463 341 contentam
495 297 539 340 h.
563 295 921 356 regulationem
949 294 1134 354 regiam
1150 326 1163 349 ,
1199 293 1314 339 licet
1338 294 1464 357 ipsos
1488 295 1569 341 do-

187 375 342 420 minos
370 382 623 419 terrestres
649 374 823 435 absque
859 373 966 417 ullis
1006 372 1288 436 ambagibus
1321 390 1376 418 eo
1406 391 1568 436 prom-

185 456 315 517 ptius
356 471 408 499 ac
442 454 667 499 libentius
694 455 1002 515 amplexuros
1042 460 1203 514 speret
1234 471 1318 498 sua
1334 453 1564 516 Majestas

186 533 541 586 sacratissima,
598 532 725 594 quod
765 549 857 594 per
903 548 1006 577 eam
1051 532 1279 576 celeriori
1321 547 1487 593 gressu
1520 541 1568 578 et

187 613 419 657 autoritas
459 611 742 668 dominalis,
791 619 837 656 et
871 612 1194 673 tranquillitas
1235 613 1457 672 publica,
1514 631 1567 658 ac

187 693 309 736 ordo
347 692 397 734 in
431 691 615 734 bonum
639 691 863 756 ipsorum
903 708 1096 754 quoque
1133 691 1443 736 dominorum
1475 700 1571 737 ter-

183 772 415 817 restrium
451 786 653 833 vergens
689 771 1063 816 restabiliendus
1096 779 1384 834 quaeratur,
1432 774 1470 817 si
1505 779 1571 816 ta-

183 870 297 898 men
335 850 499 897 nesors
538 853 763 896 nonnulli
807 852 994 897 domini
1037 861 1294 905 terrestres
1340 860 1568 915 respectu

185 934 430 978 bonorum
457 948 656 977 suorum
679 948 840 976 causas
878 933 1146 977 urbariales
1180 933 1231 977 in
1279 934 1390 978 sede
1421 932 1574 977 domi-

192 1014 290 1058 nali
321 1030 634 1068 assummere,
671 1020 717 1056 et
740 1013 822 1057 has
846 1012 1197 1075 subsequenter
1232 1015 1281 1060 in
1306 1013 1466 1059 sedria
1498 1028 1569 1056 re-

189 1093 345 1138 videri
371 1094 528 1138 facere
551 1093 753 1148 vellent,
788 1093 839 1136 id
866 1094 1027 1154 ipsum
1064 1095 1262 1155 quidem
1291 1082 1478 1138 eisdem
1503 1092 1574 1136 in-

192 1180 386 1234 tegrum
410 1173 626 1233 relinqui
649 1174 750 1216 vult
779 1172 950 1216 crebro
990 1173 1178 1216 titulata
1216 1172 1444 1232 Majestas
1483 1186 1570 1216 sua

187 1253 508 1296 sacratissima
532 1252 597 1293 ita
626 1258 815 1303 tamen,
868 1257 919 1292 ut
954 1267 1011 1292 ea
1041 1252 1204 1294 omnia
1229 1251 1358 1294 intra
1388 1255 1575 1311 praeat-

183 1336 369 1373 tactum
390 1328 679 1372 bimestrem
700 1327 967 1371 terminum
1004 1328 1258 1372 effectuare
1294 1335 1571 1383 teneantur,

183 1415 315 1452 tanto
358 1405 553 1467 quidem
586 1405 769 1466 magis,
843 1406 970 1467 quod
1004 1407 1180 1452 effluxo
1221 1407 1312 1451 hoc
1355 1405 1572 1450 termino

184 1485 404 1531 subditus
427 1486 486 1529 ad
512 1483 728 1544 majora,
776 1503 919 1547 quam
950 1503 1071 1548 quae
1101 1487 1152 1531 in
1183 1487 1288 1550 ipsa
1313 1487 1574 1550 regulario-

183 1567 256 1611 nis
279 1565 387 1610 idea
423 1565 764 1621 continentur,
824 1568 1114 1627 praestanda
1147 1567 1321 1630 stringi
1349 1573 1571 1628 nequeat,

185 1661 247 1690 ne
271 1661 326 1689 ex
355 1644 622 1688 enascitura
646 1644 734 1688 hac
762 1646 950 1691 ratione
973 1647 1372 1708 praestationum,
1421 1653 1467 1690 et
1493 1646 1573 1690 oh-

183 1723 476 1786 ligationum
514 1723 892 1786 inaequalitate,
952 1725 1002 1768 in
1040 1725 1113 1769 his
1153 1723 1448 1789 praesertim
1483 1722 1572 1766 cir-

188 1801 521 1861 cumstantiis,
556 1802 639 1846 ubi
666 1801 986 1863 tranquillitas
1014 1801 1206 1862 publica
1234 1802 1444 1845 necdum
1473 1802 1572 1862 ple-

186 1899 248 1929 ne
274 1882 479 1926 reducta
506 1883 745 1938 habetur,
791 1880 930 1926 facile
969 1883 1027 1925 ad
1058 1889 1392 1926 novos.motus
1425 1889 1471 1926 et
1505 1882 1573 1926 in-

188 1961 494 2023 quietudines
524 1979 636 2007 ansa
659 1968 707 2006 et
736 1961 921 2006 occasio
946 1961 1259 2022 praebeatur.

313 2062 367 2082 =
398 2042 598 2103 (Expost
637 2042 875 2104 digressio
917 2042 970 2084 fit
1003 2040 1062 2086 ad
1091 2056 1174 2095 ea,
1219 2056 1339 2101 quae
1371 2042 1431 2086 de
1464 2059 1572 2087 con-

182 2118 418 2163 tractibus
463 2120 706 2174 locorum,
763 2126 810 2163 et
845 2119 1269 2175 conventionibus,
1328 2138 1478 2183 porro
1510 2123 1568 2168 de

183 2198 546 2243 classificatione
585 2200 834 2255 locorum,
887 2200 1124 2245 excisione
1161 2201 1428 2246 sessionalis
1461 2219 1571 2248 con-

187 2279 415 2336 stitutivi,
473 2277 678 2324 robottis
718 2288 765 2324 et
809 2281 1216 2341 praestationibus
1259 2282 1566 2338 colonorum,

188 2360 436 2422 signanter
491 2359 548 2403 de
603 2375 727 2404 nona
776 2355 1003 2405 accurate⁴
1057 2360 1303 2406 observari
1358 2367 1405 2405 et
1454 2361 1565 2406 effe.

189 2439 343 2482 ctuari
368 2439 567 2496 debent,
611 2438 670 2483 de
695 2437 894 2500 quihus,
931 2455 1042 2483 cum
1071 2439 1123 2484 in
1155 2440 1260 2501 ipso
1287 2458 1438 2503 opere
1469 2458 1568 2487 me-

187 2516 361 2560 ritorie
398 2521 558 2560 actum
595 2519 683 2575 sit,
730 2524 923 2562 tenores
967 2519 1282 2565 resolutionis
1318 2507 1460 2583 liujus
1495 2522 1571 2567 ist-

188 2594 269 2639 hic
300 2595 538 2657 attingere
571 2597 871 2659 superfluum
898 2597 1063 2648 soret.)
1108 2618 1157 2643 ε

321 2687 361 2723 5.
399 2674 480 2721 His
516 2676 670 2738 igitur
705 2678 851 2724 semel
889 2678 1156 2739 praemissa
1196 2679 1476 2725 modalitate
1500 2679 1570 2737 in-

193 2754 459 2819 vestigatis,
498 2773 548 2804 ac
579 2757 720 2820 plene
754 2757 991 2822 superatis
1017 2759 1355 2817 existentibus,
1408 2776 1570 2823 quem-
