1669 3189
574 164 912 219 m-373m

49 272 135 315 «los
158 270 474 331 extirpatitios
501 287 600 316 non
627 270 742 316 alias
761 303 774 327 ‚
811 287 955 332 quam
978 271 1171 316 reddita
1199 273 1439 335 extirpan-

51 351 176 405 tibus
216 351 349 412 juxta
373 352 776 396 conscientiosam
808 353 1058 397 comitatus
1097 352 1442 400 limitationem

46 430 226 475 laboris
251 434 507 489 mercede,
534 431 766 493 ‚recipere
793 439 838 475 et
864 435 1079 479 retinere
1110 442 1284 496 potest.

179 510 217 570 §.
258 523 297 558 ἴ.
334 513 456 556 Cum
484 512 635 571 sylvas
663 526 950 556 conservare
984 513 1200 558 dominio
1226 513 1442 570 intersit,

48 590 171 634 nulli
204 590 509 634 subditorum
545 590 675 635 vivas
713 588 945 647 arbores,
981 609 1069 636 nec
1103 594 1315 657 virgulta
1350 609 1442 655 pro

46 669 299 730 saepibus,
336 686 496 731 neque
534 670 743 731 perticas
794 687 887 732 pro
922 670 1145 729 circulis,
1193 682 1273 719 aut
1309 675 1442 736 palos

45 752 222 810 absque
250 748 452 811 speciali
479 750 688 794 dominii
721 750 918 796 indultu
952 768 1144 807 secare,
1180 754 1358 815 hasque
1398 760 1443 797 et

43 830 151 875 illas
178 831 227 874 in
262 830 396 875 aliud
421 837 677 882 terrenum
704 839 1018 894 transponere
1038 865 1051 888 ,
1098 839 1146 876 et
1194 834 1407 877 vendere
1425 865 1440 887 ‚

43 928 98 956 ac
125 928 215 972 per
239 927 541 973 consequens
564 920 819 974 quaestum
857 929 970 956 cum
1018 911 1164 974 lignis
1210 927 1441 957 exercere

41 991 232 1037 licitum
269 999 376 1038 crit.

169 1080 210 1124 ᾧ.
245 1083 287 1121 8.
305 1074 446 1136 Quod
463 1073 575 1119 dein
598 1091 777 1136 poenas
803 1075 1090 1119 colonorum
1116 1074 1268 1134 sylvas
1297 1069 1446 1115 succi-

45 1153 268 1198 dentium
295 1154 577 1209 concernit,
620 1155 836 1198 subditus
865 1156 1015 1215 sylvas
1040 1153 1293 1198 succidens
1311 1184 1324 1207 ,
1363 1157 1446 1193 aut

43 1233 349 1277 decorticans
385 1233 447 1277 ad
486 1234 720 1277 damnum
763 1232 1125 1277 resarciendum
1167 1232 1446 1293 obligetur,

43 1330 94 1356 ac
120 1313 322 1372 insuper
348 1323 548 1371 poena5
590 1313 788 1354 dierum
836 1310 1055 1354 manuali
1094 1311 1262 1354 labore
1302 1312 1447 1371 perfi-

43 1391 331 1435 ciendorum
365 1389 625 1449 puniatur,
663 1389 793 1449 quod
840 1388 878 1431 si
919 1388 1243 1432 nihilominus
1283 1406 1444 1448 poena

41 1471 130 1514 hac
161 1469 381 1514 subditus
405 1486 431 1513 a
463 1467 731 1513 succisione
765 1467 921 1528 sylvae
948 1483 1048 1510 non
1076 1466 1442 1521 deterreretur,

43 1557 211 1595 eotum
237 1549 499 1593 autoritate
531 1547 895 1611 magistratuali
927 1546 1184 1590 comitatus
1216 1547 1446 1590 exceden-

40 1639 110 1677 tes
135 1631 259 1675 ultro
306 1630 594 1685 coercendi,
644 1628 943 1689 dominoque
984 1626 1211 1670 terrestri
1247 1633 1446 1671 eatenus

42 1711 305 1756 assistentia
336 1710 618 1773 praebenda
662 1710 783 1765 erit,
841 1715 892 1752 ut
930 1708 1045 1752 tales
1088 1723 1180 1768 pro
1212 1707 1446 1768 qualitate

40 1790 276 1855 gravioris
302 1789 469 1835 delicti
498 1791 558 1835 ad
578 1790 864 1850 exemplum
889 1787 1100 1832 aliorum
1150 1802 1316 1831 severe
1360 1805 1446 1848 pu-

46 1871 266 1915 niantur.

179 1957 215 2002 ς).
253 1961 295 2004 9.
330 1948 573 1993 Collectae
614 1946 967 2009 pecuniariae,
1014 1954 1096 1992 aut
1134 1948 1441 1992 naturalium

41 2032 171 2076 intra
196 2030 393 2074 colonos
415 2027 502 2073 sub
520 2044 679 2090 poena
701 2034 762 2076 24
787 2029 1077 2073 baculorum
1107 2035 1217 2071 sunt
1243 2028 1442 2071 vetitae.

173 2110 212 2171 ᾗ.
252 2121 325 2157 10.
356 2109 705 2154 Sabellicorum
737 2108 898 2154 dolosa
940 2110 991 2153 in
1037 2108 1188 2168 sylvas
1230 2109 1447 2152 domina-

41 2196 109 2239 les
142 2191 407 2254 impulsio,
446 2193 493 2246 si⁴
519 2191 636 2235 tales
672 2190 890 2236 sabellici
924 2191 975 2235 in
1012 2191 1120 2252 ipso
1163 2187 1444 2252 prohibitae

43 2275 202 2336 sylvae
227 2274 331 2318 loco
369 2273 669 2334 deprehensi
698 2272 914 2327 fuerint,
951 2272 1166 2333 dupplici
1204 2286 1294 2332 pro
1339 2269 1446 2313 sub-

46 2354 158 2399 ditis
184 2355 394 2398 limitata
417 2353 796 2417 glandinationis
830 2360 936 2398 taxa
960 2352 1240 2396 mulctetur.

180 2434 218 2494 §0
274 2446 344 2481 11.
394 2435 644 2480 Gallarum
688 2433 1042 2496 quercinarum
1094 2430 1342 2486 collectio,
1397 2437 1446 2474 et

45 2515 301 2578 glandium
334 2514 554 2559 decussio
577 2502 672 2560 'soli
700 2514 917 2560 dominio
942 2518 1212 2575 competat,
1248 2509 1447 2553 colonis-

48 2612 141 2656 que
171 2597 257 2640 sub
284 2611 446 2657 poena
478 2596 838 2640 contrabandae
858 2629 871 2651 ,
909 2602 955 2639 et
980 2606 1003 2641 5
1029 2593 1220 2638 dierum
1244 2607 1446 2636 manua-

47 2677 104 2723 lis
128 2678 305 2724 laboris
343 2677 567 2722 dominio
614 2677 896 2739 praestandi
934 2676 1081 2722 vetita
1118 2674 1211 2731 sit,
1265 2690 1290 2718 e
1335 2689 1445 2718 con=
