1669 3189
718 156 1059 209 ffl57g4u..

322 287 368 318 2.
418 263 687 314 Commodo
728 261 905 306 itinere
947 267 1241 323 peragatur,
1277 268 1324 308 et
1367 260 1575 306 duarum

193 353 386 399 dierum
416 344 688 393 distantiam
720 340 972 387 ordinario
1003 342 1163 386 eundo
1200 359 1295 386 non
1327 325 1544 387 excedatss

323 444 366 479 5.
402 429 654 486 Tempore
680 430 907 467 araturae
926 457 939 480 ‚
977 422 1172 478 messis,
1208 420 1470 467 falcaturae
1492 454 1505 478 ,
1533 427 1579 467 et

191 508 552 559 vindemiarum
580 520 678 549 non
708 503 943 567 exigatur.

321 595 365 636 4.
402 589 456 631 In
488 592 776 648 sequentem
808 600 992 628 annum
1021 582 1226 637 differri,
1253 583 1330 626 vel
1358 597 1470 626 aere
1501 572 1581 642 pass

191 676 326 724 rato,
371 674 453 711 aut
497 665 600 710 aliis
635 663 1042 727 praestationibus
1081 660 1292 718 redimi,
1329 661 1484 705 aliove
1519 660 1584 704 la-

192 750 314 794 bore
342 745 629 791 commutari
656 743 836 806 nequit.

322 839 367 876 5.
405 827 452 873 Si
497 833 694 871 vectura
730 826 849 869 haec
875 841 933 868 ex
960 821 1190 884 quopiam
1219 819 1489 881 improviso
1515 820 1584 865 in-

197 909 381 954 cidenti
409 908 527 952 duos
553 906 654 950 dies
680 906 796 948 illuc
819 903 978 948 eundo
1007 903 1279 958 excesserit,
1316 908 1396 946 aut
1433 901 1483 945 in
1513 917 1584 945 re-

193 990 298 1034 dim
326 1003 496 1033 currus
523 1001 614 1047 per
637 982 913 1028 dominium
942 989 1250 1037 oneraretur,
1288 989 1384 1026 tam
1416 996 1584 1041 super-

194 1070 283 1114 flui
320 1067 392 1113 illi
431 1066 564 1121 dies,
624 1079 768 1125 quam
809 1062 911 1124 ipse
954 1062 1100 1105 etiam
1128 1062 1308 1106 reditus
1341 1063 1402 1106 ad
1428 1061 1587 1106 robot-

144 1142 147 1152 ⁶
193 1157 295 1194 tam
326 1144 597 1210 imputandi
640 1149 801 1188 erunt.

324 1234 365 1277 6.
396 1213 460 1272 'In
504 1224 581 1269 via
614 1224 779 1280 nauli,
818 1223 1147 1279 teloniorum,
1182 1222 1580 1278 tricesimarum,

194 1308 529 1373 vectigalium,
553 1304 879 1368 hospitiorum
910 1321 1143 1368 expensas
1163 1305 1436 1350 dominium
1453 1302 1586 1349 serre

194 1398 441 1438 teneatur.

329 1470 369 1529 §.
409 1472 481 1518 15.
517 1468 789 1530 Lignorum
818 1464 1046 1511 socalium
1094 1465 1310 1528 singulus
1365 1468 1589 1530 integrae

200 1550 425 1598 sessionis
443 1550 635 1592 colonus
663 1555 869 1608 quatuor
895 1545 1129 1606 jumentis
1160 1546 1402 1606 provisus,
1427 1565 1483 1592 ex
1519 1563 1591 1593 ra.

196 1633 330 1676 tione
367 1628 606 1691 admissae
651 1626 741 1671 sibi
793 1624 1029 1687 gratuitae
1055 1624 1222 1669 aedilis
1260 1634 1306 1670 et
1341 1618 1504 1673 focalis
1533 1628 1589 1671 li-

194 1708 460 1774 gnationis,
495 1724 640 1751 unam
670 1704 860 1766 orgiam
886 1704 1082 1764 praevie
1107 1720 1197 1763 per
1220 1705 1334 1748 duos
1357 1707 1591 1750 manuali-

198 1800 291 1838 stas
324 1786 688 1840 consec-andam,
719 1800 774 1827 ex
806 1781 944 1843 sylvis
961 1798 1051 1842 per
1084 1782 1381 1829 dominalem
1409 1785 1590 1831 officia.

193 1875 294 1919 lem
319 1864 625 1932 designandis
651 1863 714 1908 ad
737 1862 925 1907 curiam
951 1861 1029 1906 vel
1053 1862 1283 1907 allodium
1310 1863 1587 1922 dominale,

195 1955 408 1998 aliumve
447 1949 608 1992 locum
650 1944 779 1988 intra
824 1940 1100 1986 dominium
1138 1941 1478 1989 destinandum
1510 1945 1590 1990 de.

195 2035 375 2080 vehere
419 2035 668 2081 teneatur,
719 2031 766 2068 et
792 2024 856 2068 sic
893 2039 919 2067 a
946 2021 1266 2084 proportione
1308 2026 1391 2088 1s2
1411 2059 1424 2082 ,
1468 2027 1552 2091 1s4
1569 2058 1585 2083 ,

196 2122 243 2160 et
279 2115 366 2179 1s8
400 2106 625 2156 sessionis
655 2103 828 2149 coloni.

330 2193 368 2253 §.
411 2199 487 2245 14.
518 2186 767 2233 Laborem
801 2192 966 2228 tamen
986 2184 1117 2241 hunc
1146 2182 1289 2227 unius
1315 2183 1413 2228 diei
1437 2184 1588 2248 jugali

197 2291 286 2337 per
325 2275 440 2319 duas
490 2284 722 2331 personas
761 2265 974 2311 manuali
1005 2279 1154 2326 opera
1186 2264 1350 2309 hieme
1399 2265 1589 2327 perfici·
1614 2322 1625 2328 Ι

196 2354 320 2400 enda
344 2358 647 2397 commutare
675 2345 893 2392 dominio
919 2345 1132 2390 liberum
1160 2353 1275 2403 esto.

329 2431 368 2492 §.
409 2443 482 2479 15.
519 2432 737 2491 Frugum
766 2424 922 2471 omnis
947 2427 1158 2487 generis,
1195 2426 1343 2470 etiam
1369 2427 1588 2472 domina-

194 2512 317 2558 lium
354 2519 400 2557 et
436 2509 736 2556 allodialium
771 2505 1014 2551 convectio
1075 2514 1299 2568 (praeter
1337 2524 1492 2554 nonae
1531 2508 1586 2554 in

194 2599 370 2638 natura
416 2590 708 2653 praestitae,
744 2594 791 2632 et
836 2586 956 2647 juris
981 2588 1200 2632 montani
1230 2589 1586 2641 invectionem)

193 2671 247 2716 in
278 2671 514 2716 robottam
541 2672 829 2732 imputetur.
878 2665 1251 2729 Praejuncturae
1274 2702 1288 2725 ,
1340 2677 1388 2714 et
1426 2676 1586 2714 vectu-

196 2768 281 2796 rae
313 2767 399 2796 seu
427 2752 477 2794 in
502 2748 701 2812 privatis
737 2746 927 2793 domini
961 2749 1225 2805 terrestris,
1262 2756 1343 2793 aut
1365 2748 1584 2810 ejusdem

199 2832 449 2888 officialis,
489 2847 573 2876 seu
602 2829 810 2892 publicis
841 2829 1048 2874 dominii
1078 2828 1280 2892 negotiis
1309 2845 1399 2892 per
1424 2830 1584 2877 subdi·
