1669 3189
571 157 912 208 ..κυδίμων

28 276 40 289 “
58 271 453 330 supervenerunt
480 264 802 310 resolutiones
816 263 1023 327 positam
1048 260 1355 326 quastionem
1386 277 1460 309 re·

67 349 338 410 spicientes.

181 430 290 473 Una
320 425 623 471 Theresiana
654 425 732 470 die
766 426 839 473 18.
883 425 984 469 Jan.
1015 426 1152 480 1769.
1180 421 1348 485 vigore
1374 438 1452 466 cu-

56 506 130 552 ius
178 505 447 551 urbarialia
492 504 686 568 negotia
723 503 775 548 in
819 503 1051 564 separatis
1083 504 1453 548 comissionibus

59 587 306 649 (praeside
330 604 426 631 uno
441 611 506 620 --
521 592 690 631 eotum
709 583 1111 628 excellentissimo
1130 583 1306 627 comite
1323 584 1458 627 Ioan-

60 685 120 712 ne
164 668 316 728 Csa'ky
342 700 355 722 9
405 675 452 711 et
498 671 703 728 quatuor
747 661 1050 709 consiliariis
1090 665 1454 724 praesentibus)

57 746 378 807 pertractari-9
425 763 477 789 ac
524 746 591 789 ita
619 745 669 788 in
700 743 846 804 pleno
874 741 1056 787 referri
1091 744 1458 791 ordinabantur.

188 826 290 871 Alia
334 823 600 885 Josepbina
638 824 697 869 de
731 830 774 872 4.
817 823 940 868 Maii
985 832 1101 873 1781
1123 856 1136 880 ‚
1171 823 1350 869 virtute
1380 842 1457 869 cu-

58 904 131 949 ius
174 903 350 948 decisio
387 905 609 949 omnium
652 920 973 965 processuum
1017 904 1338 949 urbarialium
1381 920 1454 948 ac-

58 985 234 1029 tivitati
295 984 497 1029 Consilii
548 983 993 1029 locumtenentialis
1042 983 1262 1028 defertur
1314 985 1452 1036 (Nro.

62 1065 157 1109 aul.
216 1075 351 1111 1000.
403 1069 569 1114 1804.)
602 1080 763 1126 neque
806 1062 895 1108 ulli
926 1079 1184 1125 processus
1215 1064 1358 1108 huius
1384 1080 1462 1126 ge-

62 1146 191 1190 neris
227 1144 339 1189 dein
374 1145 608 1190 altissimo
632 1146 740 1189 loco
767 1144 986 1188 submitti
1012 1143 1459 1205 praecipiebantur,

68 1225 161 1271 nisi
186 1226 333 1269 talem
367 1217 703 1287 quaestionem
739 1225 1067 1279 involverent,
1105 1241 1226 1285 quae
1256 1242 1345 1286 per
1385 1226 1464 1269 be-

67 1307 234 1369 nignas
267 1304 588 1350 resolutiones
631 1305 850 1350 nondum
898 1305 1058 1348 decisa
1102 1303 1252 1362 foret3
1301 1304 1360 1350 ab
1405 1320 1464 1348 eo

64 1394 287 1446 tempore
327 1384 625 1429 activitatem
667 1385 869 1429 Consilii
897 1386 1023 1449 regii
1064 1382 1467 1430 locumtenentia-

63 1465 120 1510 lis
159 1464 211 1507 in
256 1464 587 1508 urbarialibus
634 1481 757 1508 anno
803 1475 946 1516 1801.
993 1465 1196 1527 quidem
1233 1466 1285 1509 in
1327 1464 1468 1508 claris

65 1543 287 1590 terminis
341 1543 548 1588 defixam
579 1577 592 1600 ‚
650 1545 919 1605 praesentis
957 1551 1125 1588 tamen
1176 1543 1470 1605 quaestionis

75 1632 253 1671 statum
277 1623 409 1669 haud
440 1623 822 1670 determinatum
851 1625 1083 1670 extitisse.

201 1707 346 1749 Facta
378 1721 576 1749 casuum
600 1705 973 1766 particularium
1006 1704 1264 1750 decisionis
1292 1705 1473 1750 combi-

71 1785 268 1831 natione
293 1816 306 1839 ‚
342 1784 470 1828 uncle
512 1785 766 1846 generalis·
790 1801 965 1829 norma
990 1785 1298 1830 constabilita
1324 1784 1472 1831 fuisse

76 1868 396 1919 observatur,
448 1864 714 1908 successive
747 1880 839 1925 per
870 1865 1099 1925 positivas
1131 1866 1364 1928 benignas
1397 1880 1473 1910 re-

76 1946 344 1992 solutiones
375 1944 533 2006 regias
561 1944 815 2003 roborata3

208 2023 491 2071 Urbariales
533 2041 787 2086 processus
825 2014 1143 2087 sequentihus
1188 2026 1241 2070 in
1287 2024 1471 2069 casibus

78 2105 310 2152 altissimo
336 2106 443 2149 loco
475 2105 712 2149 substerni
747 2106 937 2151 dehent.

211 2197 250 2232 1.
287 2180 334 2230 Si
359 2184 417 2228 de
446 2193 691 2230 contractu
716 2194 957 2249 perpetuo
983 2186 1268 2232 stabiliendo
1285 2192 1473 2249 agatur.

208 2275 255 2311 2.
293 2264 340 2309 Si
387 2281 480 2310 neo
532 2266 834 2327 impopulata
889 2266 1128 2328 possessio
1176 2264 1476 2330 regulationi

83 2342 317 2389 urban-iali
352 2344 666 2408 subjiciatur,
714 2347 788 2392 vel
814 2346 1113 2393 classifieatio
1145 2347 1345 2393 alicuius
1378 2345 1477 2391 loci

83 2426 389 2471 immutanda
413 2428 487 2474 sit.

214 2518 257 2554 5.
293 2506 340 2551 Si
379 2507 602 2551 dominus
634 2508 878 2552 terrestris
907 2508 1120 2570 aliquam
1148 2514 1340 2569 partem
1373 2505 1477 2552 sun-

86 2583 135 2627 di
161 2582 433 2628 colonicalis
458 2585 511 2630 in
540 2587 776 2631 urbariali
804 2587 1111 2650 regulat'ione
1136 2588 1477 2651 comprehensi

87 2662 239 2708 fundo
267 2663 505 2710 ‹lominali
537 2667 747 2712 adscribi
774 2667 906 2717 velit.

218 2751 262 2796 4.
297 2746 344 2793 Si
376 2748 433 2793 do
475 2749 754 2810 quaestione
795 2750 955 2812 quoad
985 2746 1247 2819 privile‘gia
1274 2757 1475 2815 agatur,
