1669 3189
707 200 774 212 m.-
836 177 918 227 342
981 198 1049 207 .-.a

138 344 141 346 ‚
193 287 492 351 preSsionem
537 282 845 327 subditorum
897 276 1184 332 tendebant,
1258 292 1471 323 excessus
1531 284 1580 322 et

196 371 364 413 abusus
401 367 541 428 plene
578 358 879 420 abrogandos
920 373 1023 402 esse
1057 357 1219 400 statuit
1254 374 1339 402 sua
1360 356 1581 416 Majestas

198 444 536 496 sacratissima,
572 441 639 483 ita
665 437 859 483 effectui
882 436 1024 481 huius
1048 437 1092 480 h.
1113 435 1397 481 intentionis
1417 437 1580 499 regiae

199 525 298 586 jam
336 538 506 567 manus
548 519 783 579 tantisper
820 515 1018 578 quidem
1067 515 1261 559 admota
1296 514 1418 571 fuit,
1471 517 1588 561 dum

203 602 423 648 nonnulli
458 614 705 661 processus
734 596 1003 641 urbariales
1030 593 1128 653 jam
1148 611 1232 638 suo
1256 594 1401 639 modo
1425 595 1587 649 revisi,

203 677 553 733 determinati,
611 693 663 721 ac
700 677 751 721 in
792 674 1134 720 executionem
1181 690 1371 736 quoque
1407 675 1589 736 sumpti

202 762 422 813 suerunt,
471 758 584 818 quia
615 764 779 802 tamen
808 756 859 800 in
893 770 1125 816 praesens
1153 754 1299 798 etiam
1324 755 1592 816 perduran-

208 848 278 884 tes
310 838 611 883 rusticorum
646 843 833 892 motus,
883 842 931 879 et
968 834 1361 895 inquietudines,
1409 840 1457 877 et
1481 850 1592 878 con-

206 919 371 963 tinuae
395 933 568 962 eorum
599 915 938 978 querimoniae
963 921 1245 976 promptam
1271 912 1472 958 omnino
1489 945 1500 967 ,
1542 929 1595 957 ac

211 999 502 1043 celeriorem
534 998 851 1058 deposcerent
876 995 1148 1050 medelam,
1186 1003 1231 1040 et
1254 1011 1413 1055 neque
1457 992 1593 1038 facile

206 1080 343 1141 quies
383 1095 592 1139 eousque
647 1075 923 1120 reducenda
970 1075 1153 1136 sperari
1197 1075 1378 1136 possit,
1440 1075 1593 1118 donec

207 1158 256 1202 in
288 1159 391 1203 aliis
418 1159 636 1219 partibus
660 1156 743 1200 uhi
778 1155 1020 1214 ejusmodi
1061 1162 1224 1199 motus
1259 1153 1596 1214 erumpebant,

206 1237 338 1281 inter
363 1239 559 1280 eosdem
584 1236 980 1287 contribuentes,
1034 1233 1115 1293 qui
1147 1233 1234 1277 sub
1262 1249 1372 1293 spe,
1419 1239 1468 1276 et
1503 1233 1597 1277 alio

208 1314 503 1358 obtinendae
539 1310 858 1355 alleviationis
894 1317 1158 1372 praetextu
1196 1311 1485 1356 insolescere
1523 1313 1602 1356 ob-

211 1399 493 1446 servantur,
542 1391 754 1451 aequalis
784 1390 963 1451 ubique
984 1423 996 1445 ,
1041 1406 1094 1433 ac
1123 1388 1381 1433 uniformis
1412 1392 1599 1452 regula-

211 1474 276 1516 tio
310 1470 583 1514 introducta
607 1467 786 1524 suerit,
834 1469 950 1513 haec
976 1485 1125 1530 porro
1156 1484 1248 1529 per
1283 1469 1598 1515 successivam

213 1551 309 1602 (uti
339 1552 568 1595 hactenus
594 1549 763 1598 fiebat)
806 1565 1121 1609 processuum
1161 1548 1484 1593 urbarialium
1527 1566 1602 1594 re-

212 1630 487 1683 visionem,
540 1645 592 1672 ac
624 1627 1087 1672 determinationem
1115 1625 1241 1686 justo
1274 1628 1458 1672 tardius
1491 1645 1602 1675 cum

213 1708 415 1754 notabili
452 1708 663 1770 publici,
721 1708 1018 1770 praeprimis
1064 1714 1228 1753 autem
1287 1708 1605 1755 dominorum

213 1790 524 1838 terrestrium
573 1789 872 1834 detrimento
927 1788 1235 1833 effectuanda
1276 1788 1434 1845 soret,
1487 1789 1604 1834 hinc

215 1880 267 1917 ut
305 1877 601 1935 praeattacta
648 1870 697 1914 in
743 1869 1061 1914 commodum
1111 1870 1258 1915 totius
1311 1869 1482 1932 regni,
1553 1886 1607 1916 ac

216 1953 365 1997 etiam
414 1952 719 2012 privatorum
772 1950 1036 1994 utilitatem
1084 1948 1271 1995 directa
1310 1949 1356 1995 b.
1397 1949 1601 1994 intentio

215 2031 352 2093 regia
378 2031 596 2075 debitum
626 2045 770 2074 suum
799 2047 854 2075 eo
891 2030 1094 2074 celerius
1123 2030 1288 2075 sortiri
1317 2030 1470 2092 possit
1495 2030 1602 2075 effe-

217 2118 380 2163 ctum,
454 2127 508 2153 ac
548 2127 635 2170 per
669 2110 721 2153 id
758 2109 1079 2172 tranquillitas
1123 2110 1272 2154 etiam
1311 2109 1508 2172 publica
1551 2116 1599 2155 et

218 2207 327 2234 cum
365 2190 454 2232 hac
491 2190 865 2253 magistratualis
903 2208 1002 2236 non
1025 2191 1217 2247 minus,
1275 2209 1418 2254 quam
1451 2201 1499 2237 et
1524 2193 1605 2237 do-

218 2271 413 2316 minalis
449 2269 704 2326 autoritas,
753 2278 801 2315 et
845 2270 1059 2316 activitas
1097 2270 1450 2328 restabiliatur,
1506 2289 1602 2318 una

219 2365 336 2393 vero
381 2350 463 2411 qui
501 2366 597 2394 non
630 2351 787 2395 levem
829 2351 1136 2412 hucadusque
1176 2351 1601 2411 perturbationem

223 2429 398 2483 subiit,
474 2430 662 2475 debitus
722 2431 840 2474 ordo
901 2430 1269 2492 quamprimum
1325 2431 1601 2496 reducatur,

223 2511 346 2553 hanc
377 2524 501 2569 quae
533 2508 721 2567 adjacet
755 2509 1053 2554 urbarialem
1088 2509 1479 2573 regulationem,
1529 2529 1604 2557 re-

223 2590 344 2633 flexe
393 2589 452 2632 ad
502 2590 726 2635 demissas
776 2591 1127 2636 nonnullorum
1182 2591 1500 2639 comitatuum
1533 2610 1606 2640 re-

222 2670 634 2735 praesentationes
663 2673 790 2717 ultro
819 2673 1122 2734 explanatam
1149 2680 1197 2717 et
1224 2673 1503 2730 stabilitam,
1547 2690 1605 2719 ea

224 2753 412 2798 ratione
455 2751 703 2796 introduci
747 2754 849 2800 vult
888 2770 968 2799 sua
1000 2753 1224 2815 Majestas
1259 2755 1594 2810 sacratissima,
