1669 3189
655 144 725 157 ww
785 124 869 164 offi3
927 143 997 156 mu

150 231 225 278 513,
261 230 511 275 manuales
546 227 762 273 robottae
803 230 961 274 defixo
998 229 1159 291 pretio
1196 227 1529 280 bonificandae

144 308 278 371 exigi
310 311 522 371 possint,
576 315 815 372 parteque
839 310 899 355 ab
921 309 1015 354 alia
1039 311 1275 371 praestari
1306 311 1528 369 debeant,

145 396 195 431 et
223 390 289 433 sic
313 408 338 434 a
364 389 684 450 proportione
708 407 732 432 a
762 389 928 434 media
962 390 1034 435 vel
1067 390 1274 452 quartali
1305 391 1534 448 sessione,

145 467 354 511 dimidia
390 474 436 511 et
465 470 729 529 respective
769 476 939 531 quarta
973 485 1085 530 pars
1117 470 1343 515 laborum
1379 471 1532 515 calcu-

143 547 291 591 landa
314 546 402 603 sit,
438 556 578 610 atque
604 549 690 594 hos
714 551 860 595 etiam
884 550 1073 595 labores
1101 549 1368 595 universim
1397 565 1534 593 men·

143 625 278 669 sibus
302 627 494 672 aestivis
528 629 742 675 dominia
770 631 1068 676 terrestralia
1094 631 1403 676 desummere
1433 645 1534 674 non

146 704 385 762 audeant,
433 708 514 753 sed
539 707 591 752 in
623 709 711 754 hac
735 717 872 771 parte
900 711 1198 772 praescripto
1230 709 1418 755 urharii
1438 725 1531 771 pro

143 798 300 844 regno
327 785 604 849 Hungariae
637 788 850 850 benigne
889 790 1213 851 praestabiliti
1255 797 1408 836 semet
1428 805 1536 836 con-

143 863 388 921 formare,
441 882 493 910 ac
515 882 605 927 per
640 883 929 930 consequens
964 868 1017 912 in
1050 870 1303 931 exigendis
1330 869 1535 916 robottis

143 960 251 987 eam
276 945 646 1006 proportionem
670 948 928 993 observare
968 955 1255 1006 teneantur,
1300 958 1352 995 ut
1384 950 1537 994 admi-

144 1024 338 1070 nimum
371 1043 466 1071 una
507 1027 789 1089 quartalitas
838 1028 982 1073 totius
1029 1028 1142 1074 anni
1183 1029 1535 1092 obtingentiae,

143 1121 235 1167 pro
273 1121 353 1149 sex
392 1105 724 1153 hibernalibus
779 1109 1026 1155 mensibus
1065 1118 1368 1166 reservetur,
1428 1110 1537 1172 jure

148 1182 489 1230 dominiorum
519 1188 877 1234 terrestralium
899 1190 1110 1252 integras
1146 1191 1342 1246 domos,
1382 1196 1430 1233 et
1451 1205 1538 1235 ses-

143 1264 301 1308 siones
323 1265 606 1311 colonorum
633 1270 692 1314 ab
714 1269 1008 1333 obligatione
1027 1269 1436 1331 praestandarum
1458 1283 1537 1313 ro-

149 1343 402 1388 bottarum
426 1346 701 1404 eximendi,
749 1356 832 1393 aut
859 1352 1070 1396 rohottas
1097 1348 1362 1394 dominales
1391 1347 1534 1393 alteri

146 1423 350 1469 cedendi
376 1441 525 1486 porro
549 1444 640 1489 pro
662 1427 837 1475 iisdem
868 1430 922 1474 in
949 1431 1076 1476 salvo
1099 1435 1439 1492 permanente.

144 1563 386 1608 Labores
427 1568 802 1612 aversionales
831 1568 1140 1622 interdicti,
1190 1566 1426 1612 tabellae
1462 1565 1535 1610 di-

212 1630 546 1675 stantiarnm
570 1631 744 1676 relate
775 1633 846 1675 acl
875 1634 1010 1674 itam
1035 1638 1087 1674 et
1109 1633 1342 1675 reditum
1367 1630 1472 1673 ela-

688 1696 981 1739 borandae.

277 1818 323 1853 2.
360 1808 575 1852 Labores
600 1806 924 1852 aversionales
951 1814 1063 1852 sunt
1089 1807 1365 1863 interdicti,
1400 1821 1539 1869 prae-

146 1887 383 1949 scriptum
410 1886 609 1951 benigni
635 1886 823 1932 urbarii
857 1886 1116 1950 hungarici
1141 1895 1324 1950 puncto
1349 1897 1393 1935 5.
1428 1902 1537 1931 con-

146 1973 361 2023 tentum,
408 1967 467 2012 ad
491 1966 752 2012 slavonicos
781 1967 1037 2013 comitatus
1068 1984 1258 2030 quoque
1285 1968 1354 2012 ita
1381 1974 1537 2012 exten-

145 2047 312 2103 ditur,
346 2053 401 2091 ut
432 2046 606 2092 eadem
637 2047 920 2093 modalitate
953 2049 1075 2094 sicut
1097 2048 1147 2093 in
1173 2064 1322 2110 regno
1347 2049 1538 2109 Hunga-

147 2128 252 2172 riae
290 2129 544 2184 usuvenit,
609 2129 817 2174 tabellae
854 2129 1191 2176 distantiarum
1229 2145 1320 2191 pro
1349 2127 1537 2190 singulo

144 2208 371 2254 dominio
398 2209 548 2254 relate
573 2208 825 2276 duntaxat·
841 2209 902 2254 ad
926 2209 1049 2254 itum
1065 2242 1078 2265 ‚
1127 2215 1176 2253 et
1207 2207 1423 2253 reditum
1444 2223 1535 2269 pro

148 2286 462 2349 perficiendis
500 2288 750 2335 laboribus
787 2277 1112 2336 dominalibus
1151 2287 1572 2351 impendendum,

148 2382 238 2426 per
263 2367 516 2428 publicum
539 2369 587 2413 in
607 2385 838 2414 concursu
853 2368 1204 2423 dominiorum,
1236 2373 1380 2428 atque
1400 2363 1536 2410 hahi-

151 2452 202 2489 ta
231 2447 495 2493 reflexione
536 2448 598 2492 ad
629 2448 798 2494 localia
834 2447 1058 2511 adjuncta
1089 2447 1430 2502 elaborentur,
1484 2451 1535 2490 et

155 2524 385 2571 dominiis
415 2528 775 2576 terrestralibus
801 2545 892 2591 pro
914 2527 1179 2575 directione
1206 2535 1347 2592 atque
1377 2528 1536 2576 ohser-

155 2605 318 2652 vantia
342 2609 666 2659 extradcntur.
