1669 3189
535 193 956 246 ’ww-387-m

84 298 213 344 infra
235 297 423 361 pariter
445 298 698 362 sedp-arvo
717 317 766 344 a.
785 304 1023 355 notatum,
1049 304 1212 361 estque
1238 297 1389 343 relate
1416 301 1479 347 ad

81 378 395 426 substantiam
410 375 647 442 ipsamjet
675 387 867 425 tenores
889 396 977 441 per
992 386 1148 424 totum
1165 379 1256 425 sihi
1276 384 1478 425 ‘utrum-

83 477 177 522 que
209 461 438 523 aequale,
500 466 700 521 excepto
736 466 916 519 puncto
955 470 996 506 5.
1030 460 1090 505 de
1126 476 1254 506 nona
1298 468 1343 505 et
1366 460 1477 522 jure

81 548 320 587 montano
359 549 585 596 sonante,
643 539 770 601 quod
808 547 1042 600 punctum
1077 552 1118 588 5.
1157 542 1293 586 illam
1334 542 1479 588 unice

80 622 409 667 differentiam
450 620 599 676 sistit,
662 636 785 680 quae
824 619 1173 681 depensionem
1208 638 1362 666 nonae
1403 622 1481 667 vel

82 703 135 748 in
157 709 354 758 natura,
402 702 477 746 vel
507 701 559 744 in
590 699 884 762 aquiralenti
911 717 1004 762 pro
1038 700 1227 746 ratione
1256 696 1480 748 locorum

79 800 218 840 usuS‚
279 789 327 827 et
353 780 664 826 introductae
704 796 910 825 normae
956 780 1234 837 concernit,
1302 782 1479 827 ceteris

80 863 406 927 paragraphis
432 862 750 908 conformiter
768 861 1062 907 sonantibus.
1131 861 1343 908 Urbaria
1371 867 1481 907 sunt

77 945 259 1007 linguis
302 943 598 1006 hungarica,
647 944 955 1007 germanica,
994 944 1173 989 slavica
1203 950 1250 987 et
1286 942 1479 1003 illyrica

79 1014 497 1086 concinnatajpro
519 1023 710 1070 ratione
741 1023 946 1088 vigentis
970 1024 1166 1086 linguae
1205 1020 1479 1067 communi-

78 1104 259 1150 tatibus
305 1105 628 1163 extradanda3
682 1113 792 1150 sunt
829 1112 991 1150 autem
1031 1104 1083 1149 in
1126 1102 1305 1148 merito
1347 1100 1483 1144 diffe-

79 1185 240 1230 rentia
264 1186 629 1248 quadrupplicis
652 1186 836 1230 ordinis
858 1185 1074 1241 urbaria,
1105 1191 1158 1228 ut
1191 1190 1326 1244 pote,
1362 1182 1482 1226 hun·

79 1265 334 1327 garicum‚
385 1265 693 1321 hamaticum,
742 1266 1070 1320 slavonicum,
1108 1271 1156 1307 et
1190 1262 1477 1306 croaticum.

211 1345 430 1405 Vestigia
457 1345 767 1388 tract-amenti
801 1343 1059 1388 urbarialis
1097 1343 1380 1385 colonorum
1409 1358 1482 1386 re-

79 1424 344 1486 periuntur
381 1422 481 1483 jam
518 1424 606 1468 sub
650 1424 952 1467 Colomanno
996 1423 1060 1466 D.
1098 1422 1153 1465 L.
1187 1422 1221 1465 Ι.
1265 1438 1368 1481 cap.
1404 1433 1477 1483 19.

81 1504 198 1550 dein
225 1510 315 1550 art.
353 1507 423 1551 16.
464 1508 512 1547 et
551 1512 628 1553 18.
673 1513 811 1551 1551.
841 1526 906 1533 —-
933 1507 981 1546 et
1010 1507 1097 1545 art.
1124 1510 1202 1555 59.
1244 1504 1380 1549 1486.
1415 1525 1482 1535 —-

79 1584 229 1629 fusius
250 1583 376 1630 ratio
409 1584 576 1629 urbari
588 1582 674 1629 alis
690 1581 899 1629 instituti
925 1587 1062 1644 patet
1086 1596 1143 1625 ex
1173 1596 1381 1642 corpore
1402 1580 1482 1641 ju-

80 1668 148 1713 ris
173 1665 450 1730 hungarici,
487 1673 534 1710 et
559 1664 611 1709 in
636 1665 812 1711 eodem
832 1662 1067 1709 contentis
1096 1662 1307 1725 legibus,
1348 1677 1473 1723 quae

80 1749 132 1793 in
160 1746 372 1793 comitiis
401 1760 642 1790 annorum
671 1749 807 1792 1514.
842 1748 981 1791 1548.
1013 1752 1150 1789 1550.
1172 1751 1310 1793 1555.
1338 1744 1479 1789 1556.

86 1833 225 1878 1566.
249 1835 336 1872 etc.
366 1813 489 1871 latae
518 1832 564 1871 et
596 1825 805 1871 sancitae
837 1829 962 1869 sunt.

212 1907 505 1963 Urbem-ium,
550 1923 633 1951 seu
655 1922 832 1951 urvum
855 1903 1065 1966 antiquis
1094 1902 1223 1949 venit
1252 1902 1311 1946 ab
1334 1903 1475 1948 urba-

82 2007 136 2034 re
154 2022 167 2044 ,
203 1988 301 2033 sive
333 2003 538 2043 unare,
579 1986 711 2048 quod
740 1986 875 2030 idem
901 1987 1174 2050 significare
1201 1982 1477 2048 praetendi-

82 2077 192 2127 tur,
262 2086 314 2114 ac
349 2084 516 2124 arare,
593 2067 905 2124 (urvalistae,
965 2074 1207 2117 aratores)
1263 2065 1475 2110 aliorum

82 2160 246 2198 autem
281 2150 517 2207 sententia
543 2165 569 2192 a
594 2147 876 2210 germanica
901 2165 1037 2201 voce,
1082 2149 1234 2194 urbar
1254 2144 1474 2198 (cultiva-

82 2231 216 2282 bilis)
241 2225 480 2293 originem
504 2245 642 2274 suam
665 2229 847 2272 habere
870 2228 1111 2273 statuitur.

679 2356 800 2391 ART.
828 2356 884 2393 II.

453 2436 535 2481 De
572 2436 795 2480 urbarz'o
836 2435 1109 2478 banatico.

184 2543 507 2608 Quantumvis
532 2542 850 2587 comitatuum
881 2541 1122 2586 districtus
1149 2535 1477 2585 temessiensis

88 2629 257 2686 utpote
272 2625 493 2679 Temess‚
521 2625 753 2669 Torontal
781 2631 827 2667 et
842 2625 1047 2667 Hrassov
1061 2619 1320 2665 urhar'ium
1338 2631 1357 2665 1
1369 2627 1476 2667 780.

84 2705 494 2765 praestabilitum,
515 2720 566 2749 ac
581 2704 714 2749 aliud
728 2703 1052 2766 hungaricum
1069 2701 1213 2758 inter,
1235 2700 1477 2747 combinat«

1066 2783 1211 2832 th
