1669 3189
708 149 778 160 uw-
834 129 916 169 632
977 149 1047 162 m·-

214 232 405 276 sianum
460 230 821 275 constitutivum
884 230 1126 294 ingressae
1185 249 1284 277 non
1345 242 1481 290 sunt,
1526 235 1595 281 ita

212 319 259 356 et
296 311 557 355 fundorum
590 310 1010 371 extirpatitiorum
1037 311 1168 373 juxta
1203 313 1593 361 aestimationem

213 390 424 451 impensi
451 387 647 445 laboris,
679 391 1000 449 venditiones,
1037 393 1367 449 alienationes,
1393 401 1451 438 et
1474 396 1596 458 lega-

210 470 365 513 tiones
394 484 503 512 cum
532 470 777 530 praescitu
803 479 849 517 et
875 489 1106 520 consensu
1127 473 1320 520 domini
1351 477 1591 521 terrestris

210 550 390 593 liberae
419 550 790 610 permittuntur.

478 683 590 726 Neo
634 685 1092 743 impopzzlatorzzm
1123 685 1286 728 ratio.

339 784 380 818 ἵ,
419 773 685 819 Occasione
712 775 1115 836 impopulationis
1153 777 1479 840 cujuscunque
1515 795 1596 824 no-

207 865 292 896 vae
326 869 434 896 cum
450 854 723 897 adventitiis
742 856 1083 900 conventiones
1111 873 1207 901 non
1233 857 1478 914 ineantur,
1513 859 1600 903 sed

210 930 387 975 horum
434 932 583 976 etiam
629 933 810 979 intuitu
836 935 1115 980 observetur
1141 953 1317 982 norma
1339 938 1597 985 urbarialis

206 1012 430 1074 superius
453 1012 769 1076 praescripta.

528 1147 764 1192 Inventa
793 1162 956 1206 apum
986 1147 1259 1192 alvearia.

335 1245 377 1283 8.
415 1236 464 1281 Si
497 1239 736 1299 quispiam
765 1240 893 1285 intra
928 1249 1079 1287 metas
1113 1239 1354 1285 territorii
1378 1240 1598 1287 domina-

205 1313 264 1357 lis
297 1330 446 1377 apum
468 1319 677 1362 alvearia
705 1321 974 1381 repererit,
1009 1321 1185 1365 eadem
1210 1319 1430 1366 dominio
1456 1321 1599 1384 signi-

205 1395 353 1440 ficare
370 1429 384 1443 .
420 1404 467 1441 et
488 1407 741 1459 praestare
758 1433 774 1456 ,
807 1400 938 1446 istud
970 1417 1088 1446 vero
1111 1402 1209 1446 sive
1234 1401 1286 1447 in
1313 1408 1489 1446 natura
1509 1417 1594 1445 seu

200 1472 327 1534 justo
380 1477 544 1537 pretio
610 1479 806 1523 tertiam
850 1487 1044 1540 partem
1087 1480 1197 1540 jure
1251 1480 1544 1525 inventionis
1573 1513 1588 1537 ,

205 1555 375 1600 colono
401 1557 655 1601 inventori
682 1560 964 1620 persolvere
987 1559 1298 1620 obligabitur.

553 1689 739 1753 Quoad
771 1690 979 1732 terreni
1016 1690 1237 1739 limite&

329 1798 377 1843 9.
412 1779 579 1824 Nullus
618 1780 913 1825 rusticorum
933 1779 1123 1825 vicinae
1171 1779 1484 1842 possessionis
1518 1783 1594 1829 vel

204 1860 414 1907 distincti
456 1862 666 1906 dominii
694 1861 1005 1906 territorium
1036 1861 1302 1917 invadere,
1339 1869 1421 1907 aut
1458 1863 1595 1908 vicis-

201 1943 291 1987 sim
323 1942 450 1987 mala
502 1942 598 1987 fide
645 1959 786 1987 suum
827 1943 1178 2004 possessorium
1224 1943 1366 1987 tacite
1415 1944 1589 1989 cedere

202 2029 285 2066 aut
328 2024 536 2068 vendere
563 2026 650 2069 sub
675 2040 827 2085 poena
864 2022 1119 2068 refusionis
1146 2023 1312 2068 damni
1338 2031 1386 2068 et
1417 2041 1592 2086 expen-

202 2119 363 2147 sarum
389 2111 748 2164 praesummat,
784 2104 866 2149 sed
890 2104 1049 2165 potius
1095 2121 1233 2149 veros
1267 2120 1380 2150 suae
1409 2122 1592 2166 posses-

202 2183 348 2227 sionis
379 2182 561 2228 terreni
583 2183 763 2234 limites
801 2184 860 2228 ad
886 2185 1247 2246 praecavendas
1286 2183 1434 2228 etiam
1459 2201 1591 2230 sum-

200 2279 277 2308 me
303 2261 556 2309 damnosas
581 2263 933 2309 controversias
970 2279 1254 2309 conservare
1299 2263 1501 2309 studeat.

422 2398 718 2442 Domorzzm
747 2398 805 2441 in
837 2412 1001 2440 unum
1036 2396 1357 2440 contractio.

338 2498 408 2534 10.
458 2489 528 2532 Ad
574 2489 906 2551 extirpandam
952 2495 1168 2533 veterem
1206 2503 1297 2548 pro
1337 2487 1588 2549 praeduci-

201 2562 292 2608 niis
359 2566 477 2611 olim
519 2569 817 2614 servientem
859 2568 1142 2630 provinciae
1204 2566 1346 2627 hujus
1383 2566 1585 2622 faciem,

204 2644 656 2709 constituendasque
678 2650 806 2694 bono
830 2649 1002 2693 ordine
1033 2647 1257 2692 formales
1277 2647 1472 2699 domos,
1506 2662 1586 2688 ru-

203 2724 338 2780 stici,
387 2725 469 2770 uhi
527 2729 642 2772 situs
688 2737 735 2773 et
768 2736 941 2774 natura
978 2728 1069 2773 loci
1119 2726 1359 2783 admittit,
1415 2724 1585 2769 domos

200 2817 305 2850 suas
338 2804 556 2851 seriatim
601 2807 888 2865 aedificare,
945 2814 1087 2870 atque
1113 2823 1160 2852 se
1193 2805 1245 2851 in
1288 2821 1442 2853 unum
1476 2821 1585 2850 con·
1613 2861 1617 2866 Ι
