1669 3189
670 180 735 189 m·
799 158 878 197 3232
942 177 1010 191 ...-

139 269 356 312 ditorum
392 266 634 327 querelam
692 261 1098 306 irremissibiliter
1143 264 1400 326 erigendae
1450 280 1522 308 re.

139 348 407 392 flectantur.

271 431 341 473 10.
378 427 566 469 Peracta
587 427 631 464 et
646 420 734 465 hac
755 421 1088 466 cohortatione
1121 430 1420 467 assumment
1447 440 1521 468 ex-

137 506 368 551 cisionem
407 500 677 545 sessionalis
717 502 1040 557 constitutivi,
1097 509 1145 546 et
1184 508 1331 562 prout
1368 520 1423 547 ex
1459 511 1523 546 to-

135 586 318 630 talitate
353 581 579 626 omnium
616 582 1008 642 conscriptarum
1050 582 1524 643 appertinentiarum

136 665 276 709 facile
312 678 481 707 eruere
516 668 775 722 poterunt,
834 670 947 723 quot
988 680 1009 706 a
1043 663 1364 724 proportione
1395 666 1524 708 colo-

137 759 313 790 nati-um
348 742 596 801 integrae,
639 741 863 797 inediae,
917 745 1175 804 quart-iles,
1209 751 1255 787 et
1291 745 1526 788 octavales

137 824 370 870 sessiones
405 822 605 884 prodire
645 830 852 883 queant,
907 823 972 866 ita
1013 823 1162 867 etiam
1192 823 1526 884 cointelligen-

133 912 209 948 ter
249 920 357 947 cum
396 902 608 946 dominis
643 902 981 957 terrestribus,
1040 910 1122 946 aut
1159 904 1336 946 horum
1380 900 1527 946 oflici-

135 984 290 1028 alihus
315 982 536 1026 omnibus
564 982 747 1025 viribus
775 981 825 1024 in
854 980 903 1024 id
926 982 1197 1036 intendent,
1237 990 1285 1024 ut
1308 981 1356 1025 in
1384 997 1530 1042 quan·

135 1072 239 1108 tum
272 1062 502 1125 possibile
527 1063 650 1117 erit,
698 1061 954 1106 universae
998 1063 1086 1105 hae
1132 1063 1413 1106 sessionales
1450 1080 1530 1123 ap-

135 1145 462 1208 pertinentiae
494 1145 565 1189 vel
607 1160 661 1187 ex
690 1143 806 1202 ipsis
853 1142 1158 1186 redimendis
1197 1141 1530 1203 extirpaturis,

136 1227 212 1269 vel
241 1242 264 1267 e
303 1223 524 1276 desertis,
571 1227 651 1263 aut
675 1221 983 1263 censualibus
1003 1252 1016 1275 ,
1053 1228 1134 1262 aut
1157 1221 1271 1282 ipsis
1300 1220 1535 1264 allodiali-

135 1305 222 1349 bus
245 1302 403 1347 fundis
430 1301 478 1345 in
503 1300 732 1360 integras,
770 1299 956 1344 medias
975 1332 987 1354 ‚
1026 1302 1298 1361 quennales,
1335 1307 1382 1344 et
1406 1308 1529 1344 octa-

134 1387 260 1430 vales
289 1382 522 1428 sessiones
553 1379 814 1439 adaequate
850 1379 1274 1441 redintegrentur,
1311 1382 1387 1424 vel
1412 1397 1529 1424 vero

137 1465 212 1509 his
243 1459 576 1507 deficientibus
604 1475 661 1502 ex
688 1457 803 1520 ipsis
835 1457 1019 1514 fundis,
1058 1475 1174 1520 quos
1201 1476 1322 1504 unus
1349 1461 1528 1505 alterve

138 1544 337 1589 colonus
366 1542 493 1586 ultra
524 1539 877 1601 praescriptam
914 1555 1191 1584 mensuram
1227 1557 1336 1584 suae
1360 1539 1530 1584 sessio-

137 1624 258 1669 natis
289 1621 605 1684 quottalitalis
642 1620 938 1681 possideret,
1012 1618 1223 1663 aliarum
1265 1621 1528 1664 sessionum

140 1704 348 1748 desectus
379 1702 660 1763 suppleatur
679 1733 691 1756 ,
729 1699 795 1743 ita
825 1706 986 1743 tamen
1008 1731 1020 1754 ,
1056 1707 1109 1742 ut
1136 1700 1214 1742 tali
1257 1700 1307 1744 in
1337 1716 1450 1744 casu
1475 1699 1529 1744 il-

141 1784 528 1844 lud5superplus
566 1780 758 1826 nonnisi
799 1779 856 1823 ab
891 1779 982 1834 iis,
1028 1778 1107 1839 qui
1146 1779 1361 1840 alioquin
1401 1781 1530 1824 ultra

139 1861 519 1924 proportionem
564 1866 612 1904 et
659 1860 992 1904 necessitatem
1037 1859 1180 1920 longe
1232 1859 1340 1919 plus
1381 1876 1529 1921 quam

143 1944 225 1989 alii
253 1948 504 1996 tenerent,
561 1939 852 2001 accipiatur,
889 1946 934 1982 et
966 1937 1070 1983 talis
1098 1939 1362 1984 fundorum
1393 1938 1531 1984 adae-

142 2023 307 2085 quatio
355 2036 548 2082 semper
588 2020 648 2064 ad
690 2019 824 2063 illam
859 2017 1231 2080 proportionem
1276 2019 1391 2077 fiat,
1451 2021 1527 2066 cui

140 2104 440 2148 modernum
487 2100 830 2162 possessorium
874 2098 1083 2143 maxime
1125 2097 1337 2155 accedit,
1401 2099 1528 2145 sacta

141 2184 232 2227 hac
267 2174 611 2245 distributione
647 2187 691 2224 et
726 2179 990 2224 sessionum
1038 2178 1420 2239 adaequatione,
1485 2180 1525 2225 si

143 2265 201 2308 de
236 2262 396 2307 fundis
422 2261 652 2304 hactenus
681 2259 909 2320 possessis
941 2258 1056 2320 quid
1085 2266 1401 2316 remaneret,
1461 2267 1527 2304 ta-

142 2345 210 2388 les
235 2347 596 2405 supernatantes
639 2339 778 2382 fundi
816 2339 1054 2399 tantisper
1087 2346 1133 2384 et
1161 2340 1314 2383 donec
1343 2338 1439 2384 sors
1475 2345 1536 2391 et*

142 2425 195 2468 hi
236 2424 424 2468 noviter
468 2420 731 2467 accessuris
774 2418 995 2480 pluribus
1019 2435 1111 2463 neo
1160 2411 1526 2482 impopulandis

146 2503 434 2550 sessionibus
472 2499 720 2546 necessarii
761 2505 929 2550 erunt,
998 2515 1111 2560 erga
1154 2501 1522 2561 proportionate

146 2583 321 2628 abinde
373 2580 568 2624 serenda
607 2594 757 2623 onera
798 2576 856 2621 iis
888 2578 1177 2639 praesertim
1226 2581 1526 2643 assignentur

146 2662 327 2712 colonis
345 2693 358 2717 ,
414 2659 494 2722 qui
521 2677 616 2705 non
641 2660 799 2705 solum
831 2659 891 2704 ad
919 2659 1206 2706 excolendos
1230 2662 1316 2708 hos
1348 2662 1522 2708 fundos
