1669 3189
605 168 676 180 n...
734 145 820 203 369
877 167 945 180 ...-

68 259 206 322 gibus
232 255 381 299 vetita
416 261 552 308 sunt,
588 254 654 299 ita
698 272 788 299 nec
828 255 1168 301 arendationes
1206 270 1378 300 rerum
1421 266 1469 302 et

68 336 369 385 naturalium
395 335 459 379 ad
487 342 741 396 quaestum
768 336 1133 396 pertinentium
1168 354 1278 381 cum
1303 338 1465 381 exclu-

69 420 205 464 sione
227 451 238 473 ‚
278 423 359 460 aut
386 415 705 460 restrictione
740 417 1052 461 subditorum
1084 417 1193 462 fieri
1223 424 1434 479 possunt.

200 497 237 557 ξ.
286 510 330 545 5.
359 497 584 542 subditus
614 496 750 538 nullo
779 497 927 540 modo
966 498 1300 561 adstringatur
1323 498 1465 542 molis

65 577 394 623 dominalihus
421 575 518 629 uti,
567 574 652 618 sed
691 575 907 619 liberum
942 577 1105 621 eidem
1146 586 1366 635 maneat,
1406 579 1468 622 ad

66 662 182 705 alias
210 657 359 702 etiam
392 655 544 698 molas
575 672 680 699 suas
712 653 877 718 fruges
910 654 1169 702 devehere.

201 736 239 796 ᾗ.
279 739 323 783 (J.
361 736 552 779 Arenda
592 735 789 780 educilli
842 733 1185 796 ffiabnmeingelb
1227 739 1383 793 dicta,
1421 744 1469 782 et

69 817 319 865 nonnullis
350 816 403 860 in
436 816 551 861 locis
573 831 662 877 per
692 818 901 861 abusum
937 817 1241 873 introducta,
1280 818 1469 862 eumad

66 900 191 944 hanc
226 898 427 942 colonus
456 897 591 941 nulla
615 896 808 941 ratione
851 896 1028 959 stringi
1064 898 1241 959 possit,
1287 899 1473 960 simpli-

64 981 186 1024 citer
217 978 467 1026 suffertur,

195 1058 236 1118 ᾗ.
276 1071 316 1105 ἵ,
343 1057 604 1102 Praestatio
632 1057 737 1101 fimi
779 1075 870 1119 pro
903 1057 1069 1102 futuro
1108 1058 1370 1113 suffertur,
1410 1073 1471 1102 ea

67 1137 253 1200 quippe
280 1137 503 1192 ratione,
539 1144 593 1181 ut
629 1137 815 1181 subditi
853 1138 1117 1198 proprium
1152 1139 1327 1182 fimum
1355 1156 1477 1183 nun-

67 1234 243 1280 quam,
282 1216 586 1260 dominalem
621 1224 785 1260 autem
815 1218 1013 1260 nonnisi
1046 1234 1156 1261 cum
1183 1218 1467 1279 impukatio-

65 1314 127 1342 ne
155 1297 215 1340 ad
241 1297 487 1339 robottam
510 1327 522 1348 ,
560 1311 643 1337 seu
679 1296 740 1337 ad
779 1296 971 1350 vineas,
1009 1312 1092 1339 seu
1124 1295 1358 1341 aliorsum
1378 1313 1471 1359 pro

66 1374 288 1420 dominio
315 1373 496 1416 vehere
524 1378 804 1415 teneantur.

197 1454 236 1514 §.
274 1463 317 1502 8.
341 1451 548 1514 lllegalis
577 1458 622 1496 et
651 1450 846 1496 insolita
888 1453 947 1496 ad
993 1453 1237 1498 rationem
1269 1454 1476 1501 dominii

66 1537 350 1599 plumarum
369 1531 664 1588 decimatio,
702 1538 748 1577 et
781 1532 1085 1593 deplumatio
1112 1550 1339 1579 anserum
1371 1538 1479 1580 sub-

71 1616 285 1661 ditorum
315 1612 366 1657 in
396 1612 690 1674 quibusdam
738 1612 970 1657 dominiis
1024 1613 1257 1659 hactenus
1298 1613 1470 1659 usitata

63 1697 259 1761 penitus
287 1695 569 1756 abrogetur.

200 1783 221 1828 §
268 1787 311 1831 9.
355 1775 448 1820 Sed
486 1789 641 1836 neque
681 1780 895 1819 stramen
935 1776 994 1820 ad
1041 1774 1318 1839 religandas
1354 1775 1476 1818 vites

69 1871 162 1917 pro
196 1853 415 1898 dominio
451 1853 824 1898 subministrare
850 1854 1147 1918 obligentur,

204 1941 241 1986 §‚
280 1945 353 1981 10.
386 1934 580 1977 Merces
628 1934 905 1979 custodibus
950 1936 1207 1980 vinearum
1261 1938 1478 1982 domina-

68 2015 199 2061 lium
224 2022 271 2058 et
307 2013 603 2058 revisoribus
642 2013 866 2059 laborum
923 2015 1250 2060 dominalium
1286 2015 1337 2060 in
1376 2016 1479 2078 qui-

74 2096 284 2140 busdam
315 2093 549 2138 dominiis
578 2093 813 2139 hactenus
841 2112 930 2156 per
975 2098 1190 2142 subditos
1213 2130 1227 2153 ,
1286 2097 1476 2152 soluta,

78 2174 289 2221 tollitur.
932 2176 937 2177 ⁷

202 2255 241 2314 §.
285 2267 361 2306 11,
393 2253 664 2298 Hominum
706 2254 1031 2300 dominalium
1071 2255 1130 2300 ad
1163 2256 1474 2302 executiones

79 2334 404 2379 exmissorum
433 2333 739 2390 intertentio‚
776 2352 828 2380 ac
860 2342 1058 2396 praeter
1104 2349 1327 2396 grossum
1366 2354 1470 2382 exe-

79 2416 374 2469 cutionalem
405 2415 688 2460 modalitate
718 2417 769 2460 in
799 2415 836 2476 §.
863 2417 920 2460 ab
951 2415 1077 2461 infra
1116 2416 1357 2462 declarata
1402 2417 1483 2461 ad-

80 2497 284 2542 missum
307 2529 320 2552 ,
357 2496 448 2541 alia
477 2499 675 2558 quaevis
700 2498 992 2560 praestanda
1018 2498 1174 2560 parati
1203 2499 1327 2543 aeris
1353 2497 1484 2543 diur-

76 2593 141 2622 na
169 2576 376 2632 solutio,
414 2593 503 2621 nec
528 2596 627 2623 non
665 2578 858 2640 quaevis
904 2577 1175 2638 hajdonum
1198 2613 1210 2636 ‚
1247 2585 1295 2623 et
1341 2593 1486 2623 vena-

78 2662 246 2701 torum
278 2657 607 2702 dominalium
635 2660 905 2704 exactiones
933 2659 1123 2722 penitus
1165 2658 1482 2705 sufferuntur.

217 2744 260 2791 ζ).
303 2749 374 2787 12.
410 2739 618 2784 Pecunia
667 2756 691 2784 a
755 2739 956 2785 subditis
1016 2740 1158 2786 titulo
1220 2739 1488 2801 fidejussio-

1125 2822 1157 2865 A
1195 2836 1222 2865 a
