1669 3189
736 198 801 210 m
860 175 944 229 372
1005 197 1074 208 m..

222 292 415 329 caturae
434 316 447 339 ‚
482 287 625 344 prout
657 286 703 324 et
721 277 1084 323 vindemiarum
1103 285 1326 341 tempore
1357 285 1487 331 haud
1513 286 1608 331 exi.

219 365 268 425 gi
294 369 555 425 poterunt,
593 359 679 403 sed
712 359 805 403 alio
831 358 951 403 'anni
976 365 1201 420 tempore
1217 375 1307 420 per
1323 362 1609 428 delinquen-

217 450 316 488 tem
344 438 619 503 praestandi
653 446 808 483 erunt.

347 521 386 578 §.
422 529 464 572 4.
501 518 732 582 Quamvis
765 525 927 563 autem
964 518 1059 569 (uti
1098 516 1383 562 immediate
1419 515 1608 575 dictum

217 607 312 650 est)
338 599 504 642 rustici
532 615 616 643 nec
644 600 691 644 in
716 604 888 661 parata
924 599 1159 660 pecunia,
1196 615 1281 642 nec
1314 597 1363 641 in
1405 611 1610 657 corpore

214 678 460 741 puniendi
482 678 600 734 sint,
651 679 758 740 quia
785 687 945 723 tamen
982 678 1202 723 eveniret
1230 667 1577 735 nonnunquam
1595 706 1610 730 ,

217 759 624 821 quemadmodum
657 760 754 803 oris
789 758 862 803 sui
889 758 1115 803 libertate
1136 791 1149 814 ,
1185 765 1266 802 aut
1301 771 1504 816 corpore
1529 753 1610 797 de-

212 839 385 900 liquit,
434 840 504 883 vel
534 855 669 883 secus
694 856 782 899 per
809 839 1069 899 poenalem
1096 850 1119 886 5
1154 838 1347 881 dierum
1388 835 1611 878 laborem

212 917 429 962 coerceri
470 918 731 979 nequiret,
776 919 842 962 ita
872 926 922 961 ut
950 917 1158 962 eundem
1196 915 1244 960 in
1290 931 1499 976 corpore
1543 931 1613 959 ca·

215 997 392 1059 stigare
416 1005 655 1059 oporteat,
689 997 800 1041 hinc
825 996 872 1041 in
893 996 1139 1058 quibusvis
1166 994 1403 1040 similibus
1427 993 1612 1039 casibus

212 1078 570 1124 observandum
609 1079 796 1134 veniet,
843 1085 895 1122 ut
931 1078 1017 1122 ubi
1063 1078 1121 1121 de
1160 1094 1318 1138 poena
1382 1075 1613 1120 afflictiva

210 1158 455 1219 agendum
480 1159 601 1212 erit,
637 1165 803 1201 attunc
839 1157 1141 1217 delinquenti
1163 1157 1224 1207 (si
1251 1173 1362 1200 sana
1391 1164 1438 1199 et
1467 1156 1610 1199 robu-

215 1244 286 1279 sta
312 1251 521 1296 persona
539 1235 710 1283 fuerit)
725 1249 814 1295 pro
841 1235 1072 1296 qualitate
1101 1235 1265 1279 delicti
1282 1235 1342 1280 ad
1360 1251 1609 1280 summum

209 1320 267 1362 24
293 1315 581 1358 baculorum
602 1347 614 1369 ,
652 1320 732 1358 aut
758 1330 847 1375 pro
875 1314 1107 1374 qualitate
1138 1331 1274 1358 sexus
1313 1321 1372 1362 24
1417 1315 1611 1358 scutica-

209 1410 325 1438 nem
354 1394 476 1438 ictus
506 1392 762 1455 infligendi
789 1400 1088 1448 statuantur,
1127 1393 1256 1454 quod
1277 1394 1315 1436 si
1345 1401 1505 1438 autem
1525 1412 1610 1456 pu-

209 1474 417 1519 niendus
445 1473 682 1536 gravioris
700 1472 867 1517 aetatis
897 1480 1022 1517 esset
1040 1505 1054 1529 ,
1091 1481 1171 1518 aut
1198 1473 1463 1518 fractarum
1492 1474 1608 1520 alias

208 1554 425 1611 virium,
461 1553 567 1599 talis
604 1569 764 1616 poena
803 1552 951 1597 aresti
991 1570 1081 1615 pro
1120 1554 1348 1615 qualitate
1397 1552 1609 1598 circum-
1651 1550 1656 1553 ’

210 1634 529 1689 stamini-um,
569 1640 615 1678 et
651 1633 813 1678 delicti
841 1633 987 1678 etiam
1019 1634 1069 1677 in
1120 1632 1308 1695 jejunio
1340 1649 1449 1677 cum
1479 1650 1606 1695 pane

210 1720 259 1757 et
287 1729 411 1774 aqua
434 1712 676 1757 subeundi
701 1713 976 1774 puniendus
1005 1714 1125 1770 erit,
1162 1730 1219 1757 eo
1246 1721 1409 1758 tamen
1449 1713 1610 1758 obser-

210 1799 347 1848 vato,
384 1809 446 1837 ne
483 1794 678 1837 colonus
718 1793 860 1837 titulo
899 1793 1005 1838 talis
1058 1807 1244 1854 poenae
1292 1801 1429 1837 extra
1472 1809 1606 1838 casus

209 1870 447 1933 gravioris
483 1872 646 1916 delicti
678 1871 738 1915 ad
760 1871 1000 1932 judicium
1027 1871 1177 1934 ipsius
1224 1873 1347 1919 sedis
1390 1874 1610 1919 domina·

208 1951 267 1996 lis
302 1952 558 2013 spectantis
594 1952 797 2009 diutius,
824 1969 971 2014 quam
1006 1968 1095 2014 per-
1133 1959 1229 1998 tres
1267 1953 1370 1998 dies
1400 1970 1426 1998 a
1462 1955 1609 2015 perfi-

209 2031 397 2075 ciendis
426 2031 669 2076 laboribus
708 2032 803 2077 suis
833 2032 1149 2077 abstrahatur.

338 2110 376 2169 §0
404 2123 445 2158 5.
468 2112 686 2157 Rusticus
711 2114 938 2175 qualitate
973 2112 1137 2157 delicti
1161 2113 1229 2158 ita
1255 2113 1501 2176 exigente,
1542 2114 1604 2158 ad
1668 2122 1669 2142 ³

207 2206 424 2235 carceres
464 2192 729 2237 dominales
767 2192 1104 2255 conjiciendus
1145 2200 1190 2237 et
1227 2193 1602 2240 invinculandus

204 2287 296 2330 pro
341 2269 795 2332 incompedatione,
850 2272 935 2318 ubi
987 2272 1430 2333 incompedationis
1489 2281 1598 2322 taxa

204 2349 438 2395 hactenus
470 2351 520 2397 in
550 2369 639 2396 usu
667 2352 786 2410 fuit,
822 2371 916 2398 non
945 2353 1053 2414 plus
1080 2369 1225 2414 quam
1267 2365 1323 2401 15
1363 2370 1472 2399 xros
1510 2357 1600 2401 sol-

206 2445 318 2474 vere
350 2437 586 2474 teneatur.

343 2508 381 2567 §.
425 2513 467 2557 6.
497 2510 695 2555 Subdito
721 2510 899 2571 absque
927 2509 1121 2554 indultu
1139 2510 1344 2557 dominii
1369 2513 1456 2558 sub
1484 2532 1597 2576 poe-

204 2604 267 2631 'na
290 2587 584 2632 amittendae
615 2589 855 2635 mercedis
879 2597 926 2633 et
953 2589 1374 2636 refundendorum
1397 2594 1596 2639 damno-

203 2683 314 2710 rum
350 2667 671 2727 extirpatm’as
699 2668 1022 2731 imposterum
1061 2670 1217 2717 facere
1264 2671 1452 2717 licitum
1494 2691 1591 2719 non

202 2747 260 2791 sit
279 2780 293 2802 ,
329 2746 602 2792 dominium
625 2764 649 2793 e
679 2757 876 2806 contra,
913 2750 983 2795 uti
1011 2750 1329 2812 praemissum
1359 2758 1458 2808 est,
1489 2752 1592 2799 sun-
1652 2779 1653 2787 κ
