1669 3189
684 148 1024 190 mono-w·-

180 272 292 313 bem
334 263 477 310 toties
516 256 701 320 quotics
738 254 800 298 ad
838 254 1128 316 explendam
1149 261 1400 300 araturam
1427 256 1567 300 strin-

179 352 322 410 gant,
380 351 426 389 et
472 341 567 384 duo
601 336 832 383 animalia
861 352 951 398 pro
990 353 1086 381 uno
1117 342 1310 395 tantum
1345 330 1578 384 manuali

182 427 350 471 labore
370 423 648 481 imputent,
695 423 957 478 antequam
992 425 1191 462 eatenus
1219 416 1426 463 decisivo
1458 436 1567 464 con-

183 509 426 558 stituatur,
451 501 721 545 clementer
744 497 881 559 jussit
909 513 995 542 sua
1009 497 1234 557 Majestas
1248 498 1570 545 sacratissima

179 595 230 633 ut
263 598 409 644 super
436 598 518 638 eo,
555 587 785 642 quotnam
813 580 863 623 in
891 577 1127 623 comitatu
1154 579 1243 622 hoc
1274 579 1573 642 Zagrabien-

180 668 217 712 si
243 672 468 711 araturae
509 678 601 724 pro
637 661 951 724 perficiendis
989 660 1122 722 juxta
1166 677 1361 706 morem
1389 659 1570 704 harum

180 745 399 809 partium
427 740 539 787 fieri
568 739 806 785 consuetis
840 738 1171 796 seminaturis‚
1209 757 1366 785 annue
1407 755 1573 784 neces-

181 826 334 873 sariae
357 822 489 869 sint?
526 820 680 882 qualis
706 821 823 864 item
848 836 956 863 usus
999 819 1128 863 circa
1156 821 1456 883 peragendas
1484 835 1573 882 per
1666 828 1669 865 «f

186 908 377 952 colonos
423 907 641 946 araturas
670 900 901 943 hactenus
938 898 1185 960 viguerit?
1249 910 1396 962 prout
1433 909 1481 946 et
1517 901 1577 945 de
1654 890 1669 954 J

187 987 292 1034 aliis
324 1000 434 1029 cum
466 978 658 1040 objecto
684 978 778 1022 hoc
812 978 1035 1022 connexis
1074 979 1444 1027 circumstantiis
1489 998 1580 1044 per

185 1064 523 1131 praetitulatas
539 1062 599 1106 D.
628 1066 810 1106 vestras
834 1065 1000 1104 exacta
1015 1058 1299 1105 informatio
1333 1061 1585 1107 submitta-

186 1158 267 1195 tur
282 1181 296 1205 ,
331 1148 535 1191 demum

192 1292 406 1362 (Quoad
430 1290 849 1348 redemptionem
876 1279 1195 1346 filatur-ae.)

313 1415 405 1449 .1o.
441 1397 643 1444 Altefata
669 1413 752 1442 sua
780 1393 1006 1454 Majestas
1031 1393 1353 1440 sacratissima
1377 1391 1587 1456 benigne

193 1483 439 1528 resolvere
466 1479 663 1541 dignata
688 1483 774 1531 est,
811 1484 862 1520 ut
877 1476 1063 1520 domini
1084 1482 1336 1520 terrestres
1359 1475 1469 1518 loco
1490 1475 1590 1518 fila·
1644 1464 1658 1469 Γ

199 1572 368 1618 turae,
420 1575 605 1604 nonam
640 1574 695 1602 ex
725 1555 826 1599 lino
861 1563 909 1599 et
943 1555 1199 1600 canabibus
1233 1555 1284 1599 in
1315 1561 1489 1599 natura
1513 1554 1591 1599 de-

203 1659 361 1689 summ
371 1646 468 1685 ant.

199 1768 725 1840 (szoaclfizndorzzm
751 1763 1304 1809 contributionaliam
1327 1764 1419 1808 via
1431 1761 1593 1824 facti

264 1839 603 1884 avulsionem
627 1850 661 1876 a
685 1831 1134 1880 contributione.)

1654 1890 1662 1908 ἱ

301 1958 375 1993 11.
413 1939 757 2004 Compluribus
793 1938 846 1983 in
888 1953 946 1982 eo
975 1937 1126 1982 etiam
1169 1937 1488 1998 querimoniis
1519 1955 1594 1983 ex-

201 2028 374 2073 hibitis
403 2021 737 2076 existentibus,
767 2019 897 2082 quod
926 2017 1113 2063 domini
1140 2025 1399 2064 terrestres
1416 2019 1592 2064 fundos

204 2110 264 2154 ab
318 2107 438 2152 olim
481 2120 573 2166 per
612 2099 830 2147 subditos
876 2106 1033 2144 tentos
1081 2105 1128 2142 et
1162 2115 1429 2160 possessos,
1487 2098 1594 2142 imo

204 2190 354 2235 etiam
422 2184 576 2230 literis
633 2179 961 2226 mediantibus
1019 2179 1070 2223 in
1135 2187 1431 2241 perpetuum
1498 2195 1598 2224 em-

202 2277 334 2332 ptos,
402 2263 712 2328 potissimum
777 2267 939 2304 autem
985 2259 1148 2302 vineas
1201 2260 1261 2303 ad
1296 2260 1591 2305 -maseulum

203 2348 413 2413 perenni
471 2343 618 2389 titulo
671 2344 998 2401 comparatas,
1054 2344 1308 2399 praetextu
1358 2340 1591 2402 propriae

204 2428 497 2476 necessitatis
541 2442 567 2469 a
608 2421 807 2468 subditis
851 2435 942 2481 pro
973 2419 1149 2480 volupe
1198 2418 1468 2482 recipiant,
1542 2426 1592 2464 et

205 2508 408 2572 privatis
450 2506 612 2552 usibus
641 2503 737 2548 suis
774 2499 1046 2562 applicent,
1100 2496 1330 2544 fratribus
1366 2517 1515 2562 porro
1539 2501 1591 2544 in

205 2589 363 2635 fundis
405 2589 462 2633 ad
498 2585 770 2631 masculum
818 2580 1000 2624 collatis
1048 2579 1336 2626 divisionem
1386 2582 1589 2627 subinde

208 2667 518 2722 ineuntibus,
571 2673 739 2710 mutua
788 2659 1118 2715 successione,
1177 2659 1293 2704 licet
1341 2661 1393 2705 in
1438 2661 1590 2706 literis

208 2767 306 2795 non
327 2753 609 2810 praecauta,
654 2761 765 2791 usus
797 2749 962 2787 tamen
1000 2739 1184 2801 antiqui
1218 2740 1417 2786 nomine
1451 2757 1592 2803 nega-
