1669 3189
594 181 664 194 u„
723 162 808 215 587
867 183 970 211 --·.

197 268 236 329 ᾗ.
267 280 310 317 5.
384 269 449 314 Ad
482 284 700 315 carceres
729 269 997 314 dominales
1024 266 1377 328 conjicienduS,
1413 276 1462 315 et

67 349 444 396 invinculandus
473 351 693 396 subditus
730 366 822 412 pro
866 349 1325 414 incompedatione,
1374 350 1460 395 ubi

71 436 182 475 taxa
209 431 464 494 quaepiam
487 431 656 494 viguit,
683 448 778 476 non
806 430 913 491 plus
945 447 1090 492 quam
1123 443 1177 480 15
1202 447 1273 475 xr.
1299 430 1465 475 solvat.

193 510 232 570 §.
255 515 298 558 6.
363 512 720 572 Exstirpaturas
785 511 965 572 absque
1008 512 1203 558 indultu
1251 511 1464 557 dominii

66 593 154 639 sub
182 608 344 654 poena
364 592 670 638 amittendae
692 590 954 647 mercedis,
1003 601 1049 636 et
1083 610 1230 639 onere
1258 591 1463 637 refusio-

63 672 138 717 nis
161 671 344 718 causati
365 672 529 717 damni
557 672 725 715 facere·
748 670 966 726 subditis,
1002 689 1099 716 non
1125 673 1263 731 licet,
1299 690 1325 718 e
1355 689 1465 717 con·

64 768 203 797 verso
231 752 429 799 domino
455 750 676 796 terrestri
706 750 884 795 fundos
914 749 1014 811 jam
1044 753 1331 815 exstirpatus
1357 768 1459 799 non

61 849 225 889 secus,
261 849 404 895 quam
433 847 550 894 erga
573 831 972 877 conscientiosam
996 833 1250 878 comitatus
1278 833 1458 879 limita-

61 913 251 959 tionem
282 929 309 959 a
339 912 541 958 subditis
571 905 796 973 recipere
828 911 1080 976 integrum
1111 922 1193 960 est.

198 993 237 1054 §.
269 1006 311 1042 7.
389 993 549 1054 Sylvas
619 1008 900 1039 conservare
967 993 1173 1038 dominii
1235 994 1258 1037 i·
1274 1000 1456 1048 ‚tex-est,

61 1073 171 1118 ideo
206 1074 326 1131 nulli
361 1073 672 1118 subditorum
714 1074 843 1120 vivas
874 1076 1103 1131 arbores,
1143 1075 1221 1120 vel
1245 1072 1460 1136 virgulta

60 1170 152 1215 pro
183 1153 393 1216 sepibus,
433 1155 509 1198 vel
546 1154 757 1215 perticas
799 1172 889 1217 pro
934 1155 1152 1212 circulis,
1208 1161 1291 1199 aut
1326 1152 1462 1214 palos

32 1233 235 1295 =absque
270 1234 467 1295 speciali
507 1235 703 1279 indultu
740 1235 948 1280 dominii
982 1234 1260 1289 succidere,
1313 1238 1359 1277 et
1403 1229 1458 1274 in

61 1313 197 1357 aliud
227 1321 485 1359 terrenum
508 1315 796 1373 transferre,
829 1324 876 1361 et
905 1318 1135 1372 vendere,
1176 1330 1229 1358 ac
1245 1327 1332 1375 per
1351 1327 1461 1355 con-

60 1408 264 1455 sequens
295 1402 547 1455 quaestum
572 1412 683 1440 cum
706 1395 848 1459 lignis
871 1411 1098 1441 exercere
1127 1393 1319 1439 licitum
1350 1392 1459 1437 erit.

199 1473 238 1534 ᾗ.
266 1483 308 1522 8.
378 1475 537 1536 Sylvas
584 1477 918 1533 succidentes,
978 1483 1060 1521 aut
1106 1475 1460 1520 decorticantes

62 1554 243 1600 subditi
266 1554 326 1599 ad
349 1554 585 1599 damnum
616 1555 982 1600 resarciendum
1001 1588 1014 1610 ‚
1057 1556 1305 1615 triumque
1330 1554 1460 1598 insu-

58 1652 149 1697 per
177 1636 373 1681 dierum
398 1636 763 1696 perficiendum
796 1637 1081 1681 manualem
1120 1637 1342 1681 laborem
1379 1632 1459 1677 ob-

58 1716 300 1777 ligantur,
358 1731 519 1775 poena
561 1715 884 1775 nihilominus
925 1717 1014 1760 hac
1054 1732 1152 1761 non
1201 1710 1450 1767 deterriti,

57 1811 207 1858 penes
253 1793 668 1856 magistratualem
718 1794 1020 1839 asistentiam
1072 1811 1164 1856 pro
1225 1791 1455 1855 qualitate

58 1874 295 1937 gravioris
332 1874 499 1919 delicti
538 1890 701 1920 severe
733 1876 944 1921 aliorum
986 1890 1078 1936 pro
1109 1874 1335 1936 exemplo
1368 1888 1458 1934 pu-

63 1955 273 2000 niantur.

195 2034 234 2094 ᾗ.
264 2046 305 2090 9.
375 2034 615 2080 Collectae
646 2036 988 2097 pecuniariae,
1041 2042 1124 2080 aut
1150 2032 1452 2078 naturalium

58 2114 190 2160 intra
216 2114 433 2159 subditos
461 2115 549 2159 sub
582 2131 740 2177 poena
765 2122 841 2164 24.
870 2115 1158 2161 baculorum
1191 2113 1385 2162 vetitae,

156 2245 166 2254 ,
189 2194 227 2254 §.
261 2206 333 2242 10.
402 2195 750 2241 Sabellicorum
778 2195 941 2241 dolosa
968 2195 1029 2238 ad
1062 2195 1209 2256 sylvas
1235 2193 1454 2238 domina-

61 2273 128 2317 les
171 2274 433 2335 impulsio,
490 2283 536 2320 et
569 2275 620 2320 in
648 2276 757 2321 loco
787 2274 1095 2337 prohibititio
1125 2273 1452 2335 deprehensio

63 2353 246 2414 duplici
282 2371 373 2416 pro
417 2356 620 2401 subditis
661 2356 895 2401 limitatae
936 2353 1311 2420 glandin‘ationis
1349 2360 1454 2397 taxa

62 2436 341 2483 mulctetur.

195 2515 233 2576 ᾗ.
283 2528 359 2567 11.
465 2518 715 2563 Gallarum
773 2517 1028 2573 collectio,
1097 2524 1144 2561 et
1204 2512 1453 2578 glandium

65 2596 282 2641 decussio
347 2605 556 2657 praeter,
597 2614 806 2660 poenam
852 2596 1239 2651 contrabandae‚
1298 2591 1451 2636 trium

61 2676 256 2721 dierum
293 2678 506 2722 manuali
544 2680 710 2725 labore
756 2679 1015 2740 puniatur,
1097 2684 1142 2722 et
1185 2691 1210 2719 e
1256 2687 1450 2718 conver-

62 2773 111 2802 so
155 2773 245 2803 nec
310 2757 530 2803 dominio
574 2759 740 2805 licebit
779 2758 996 2804 subditos
1045 2758 1107 2806 ad.
1153 2751 1447 2818 colligendas

64 2843 200 2885 extra
221 2839 461 2886 rohottam
493 2840 637 2903 gall-:ts
667 2839 986 2903 adstringere.
