1669 3189
584 139 927 194 m307m

57 253 193 300 ticuli
226 263 301 299 22.
338 260 473 305 ΝΞΟ.
503 248 660 292 omnis
680 247 874 309 generis
907 243 1119 300 venatio,
1157 245 1442 304 aucupium,

54 344 102 380 et
123 331 346 396 piscatio,
377 331 427 374 in
448 328 690 390 quibusvis
720 327 920 388 piscosis
940 326 1101 387 aquis,
1131 324 1346 385 praecise
1384 327 1445 370 ad

52 413 163 476 jura
189 410 377 456 domini
400 408 643 454 terrestris
673 412 916 467 spectant,
953 406 1169 465 adeoque
1198 404 1317 449 haec
1343 423 1444 449 om-

51 494 133 539 nia
162 491 363 537 subditis
398 487 698 533 strictissime
735 484 940 528 inhibita
975 492 1131 528 sunto.

179 577 215 622 ᾧ.
243 580 286 623 4.
314 566 543 630 Quamvis
570 563 773 625 quidem
800 561 1004 607 subditis
1035 565 1310 609 educillatio
1341 566 1444 610 vini

49 652 110 697 ad
142 656 329 694 certum
356 654 548 707 tempus
583 644 847 705 praemisso
884 643 1034 686 modo
1061 653 1301 705 competat
1316 646 1442 702 subi

48 738 212 775 tamen
267 742 360 788 pro
416 724 709 786 recipiendis
753 723 1099 767 itinerantibus
1150 724 1443 771 instructum

50 808 297 854 dominale
325 805 649 850 diversorium
680 810 836 859 extat,
873 804 951 847 vel
1000 804 1246 865 erigetur,
1282 808 1332 852 in
1363 824 1441 852 eo.

48 890 159 934 dem
185 886 452 932 diversorio
497 882 703 946 cujusvis
747 890 890 945 potus
927 884 1208 945 epocillatio
1245 904 1336 948 per
1377 896 1445 933 to-

49 976 155 1013 tum
178 985 359 1013 annum
402 966 532 1011 salva
572 964 824 1020 manebit,
876 964 1043 1025 prouti
1087 965 1236 1008 etiam
1286 967 1443 1012 omnis

46 1048 248 1093 cremati
272 1055 319 1092 et
339 1047 600 1091 cerevisiae
627 1043 926 1101 educillatio‚
963 1060 1015 1088 ac
1037 1044 1288 1106 liquorum
1305 1062 1444 1107 prae-

44 1130 235 1190 paratio
268 1128 488 1190 praecise
523 1128 583 1171 ad
611 1125 723 1188 jura
756 1125 1027 1170 dominalia
1051 1126 1311 1187 pertineat.

179 1208 218 1266 ξ.
262 1219 305 1254 5.
340 1208 386 1250 Si
418 1206 643 1250 dominus
688 1206 936 1248 terrestris
972 1206 1294 1249 fundamento
1330 1207 1445 1249 arti-

50 1288 144 1331 culi
199 1291 274 1335 56.
320 1297 457 1332 1550.
508 1285 653 1327 alicui
707 1286 999 1328 colonorum
1043 1285 1443 1331 educillationem

45 1366 343 1411 concredere
369 1363 610 1416 voluerit,
646 1362 754 1405 talis
805 1364 1022 1418 interea,
1075 1366 1228 1408 donec
1272 1368 1442 1412 vinum

43 1445 307 1499 educillat,
347 1443 405 1486 ab
434 1440 781 1485 hebdomadali
803 1442 1001 1486 servitio
1024 1444 1151 1488 liber
1183 1446 1269 1502 sit,
1304 1455 1351 1491 et
1374 1449 1444 1493 in-

42 1543 189 1588 super
218 1522 582 1569 educillationis
608 1538 796 1566 merces
827 1538 853 1565 a
878 1523 1065 1586 singula
1098 1542 1223 1570 urna.
1261 1528 1313 1572 in
1359 1528 1439 1573 de·-

43 1606 192 1653 nariis
224 1611 251 1654 ίι
277 1622 368 1666 per
403 1602 679 1648 dominium
699 1603 860 1648 eidem
900 1605 1186 1651 exsolvatur.

174 1685 212 1746 §.
251 1686 569 1733 6.Proventus
600 1682 714 1739 fori,
746 1683 1086 1729 nundinarum
1112 1686 1228 1738 (nisi
1257 1688 1343 1733 hos
1371 1688 1444 1751 ip-

47 1768 108 1813 sis
131 1765 561 1811 communitatibus
594 1764 796 1827 praevie
870 1767 1247 1830 privilegialiter
1303 1773 1443 1816 colla-

44 1859 116 1896 tos
144 1847 315 1893 haberi
351 1846 748 1909 dignosceretur)
780 1849 971 1893 macelli
1010 1850 1148 1906 item,
1184 1857 1230 1894 et
1268 1852 1441 1896 telonii

42 1929 261 1993 legitime
287 1924 536 1972 constituti
563 1925 711 1970 veluti
732 1924 844 1987 jura
878 1929 1083 1990 regalia,
1126 1936 1175 1974 et
1210 1934 1442 1993 respecti-

42 2028 98 2057 ve
122 2008 455 2072 privilegialia.
504 2022 598 2068 pro
638 2006 858 2051 dominio
900 2013 1172 2057 terrestrali
1222 2012 1275 2058 in
1310 2015 1439 2058 salvo

43 2093 289 2135 maneant,

508 2220 874 2265 PUNCTUM
919 2223 1022 2269 VH,

47 2318 130 2361 De
168 2313 477 2370 sublatis,
514 2320 572 2358 et
607 2313 676 2357 in
722 2313 1001 2358 futurum
1048 2332 1440 2377 praecaven.

80 2396 177 2440 dis
211 2394 425 2439 omnis
473 2393 735 2457 generis
786 2396 1185 2455 excessibus,
1222 2404 1284 2442 et
1319 2402 1407 2445 ab-

634 2472 861 2521 usibus.

180 2585 221 2645 ᾗ.
262 2597 302 2632 1.
353 2585 605 2646 Siquidem
647 2587 896 2644 dominio,
965 2606 1058 2651 qua
1103 2592 1440 2652 orphanorum

51 2665 321 2728 protectori
374 2665 719 2712 defunctorum
759 2670 1045 2714 colonorum
1086 2673 1291 2734 pupillos
1332 2684 1442 2736 post

51 2761 99 2790 se
137 2746 521 2807 relinquentium
547 2746 838 2793 substantiae
876 2765 993 2794 cura
1017 2750 1231 2814 alioquin
1259 2755 1444 2799 ineu-m-
