1669 3189
713 214 782 228 u..-
839 198 925 240 420
971 206 1052 225 ‘m

184 301 537 352 effeetuandam
560 296 829 346 necessario
852 296 1143 359 praecedere
1177 294 1319 342 debet
1337 328 1350 352 ,
1385 297 1568 343 nullius

185 401 272 429 seu
297 382 432 444 juri,
469 396 552 426 seu
589 377 921 440 praetensioni
959 375 1322 440 praejudicare,
1376 385 1457 421 aut
1491 377 1571 421 de-

182 479 354 525 rogare
385 460 563 523 possit,
622 456 904 519 ceteroquin
947 457 1093 500 etiam
1146 455 1402 500 dominalis
1434 456 1573 517 juris-

183 540 406 587 dictionis
435 537 720 583 exercitium
745 536 880 599 juxta
906 534 1152 598 principia
1177 534 1442 580 urbarialia
1469 536 1575 580 nul-

180 621 278 665 lam
307 619 358 663 in
388 616 646 663 obversum
684 616 889 679 recipiat
935 615 1304 672 difficultatem,
1350 631 1410 659 ea
1450 631 1575 677 quae

183 694 482 763 geometrica
530 696 843 742 demensione
890 704 1088 759 peracta
1123 695 1250 742 circa
1300 694 1579 740 subdivisio-

183 795 296 825 nem
340 785 387 823 et
408 778 766 840 regulationem
801 778 1007 839 qualiter
1044 777 1397 822 instituendam
1431 773 1578 817 meri-

185 859 308 903 torie
349 865 397 903 et
430 858 626 904 servatis
664 858 723 902 de
760 857 1064 919 praescripto
1106 854 1351 902 servandis
1390 860 1578 914 pertra-

179 939 353 984 ctanda
379 945 668 994 occurrunt,
714 937 925 982 seorsive
969 936 1144 982 auditis
1179 950 1388 998 quorum
1430 933 1579 977 inter-

183 1028 283 1077 est,
321 1027 368 1064 et
394 1036 504 1064 cum
534 1019 813 1064 interventu
838 1017 1011 1061 fiscalis
1041 1017 1339 1062 assistentiae
1374 1014 1424 1059 in
1462 1014 1577 1059 sede

184 1100 418 1145 dominali
461 1098 721 1152 assummi,
769 1103 819 1140 et
863 1097 1087 1158 superari
1133 1101 1384 1157 oporteat,
1431 1100 1575 1154 atque

183 1179 306 1224 adeo
332 1180 390 1222 ad
415 1178 537 1222 hanc
555 1176 944 1238 pertractationis
968 1176 1114 1231 viam,
1147 1175 1293 1218 etiam
1305 1172 1416 1217 illae
1442 1187 1584 1232 quae-

187 1258 388 1312 stiones,
426 1271 547 1317 quae
593 1254 753 1316 quoad
793 1253 1163 1310 investitiones,
1212 1252 1579 1298 inonerationes

183 1342 278 1381 etc·
308 1335 584 1380 subversari
624 1342 861 1395 possunt,
909 1333 1122 1395 relegari
1156 1333 1393 1390 debeant,
1427 1334 1582 1379 mani-

177 1417 355 1462 festum
380 1422 472 1472 est,
515 1416 647 1477 quod
674 1431 772 1460 non
800 1414 992 1459 attentis
1022 1415 1097 1458 his
1133 1415 1352 1459 dominio
1391 1413 1582 1457 dimen-

181 1494 251 1539 sio
280 1494 414 1538 omni
437 1494 582 1537 modo
614 1492 665 1537 in
712 1493 837 1537 salvo
879 1493 1196 1554 reliquenda,
1242 1495 1326 1539 sed
1370 1502 1418 1538 et
1459 1495 1576 1549 illa,

187 1591 307 1636 quae
335 1573 493 1618 nesors
525 1573 652 1617 ultro
676 1572 801 1618 hanc
825 1572 877 1617 in
904 1589 1010 1618 rem
1036 1582 1340 1635 ponerentur
1369 1571 1579 1635 impedi-

181 1662 376 1710 menta,
405 1654 668 1697 efficaciter
691 1653 991 1698 removenda
1012 1654 1124 1710 sint,
1148 1662 1291 1716 atque
1316 1670 1461 1699 omne
1484 1654 1577 1698 hoc

183 1735 443 1797 negotium
487 1734 546 1778 ad
599 1734 762 1779 sedem
803 1734 1100 1778 dominalem
1147 1751 1258 1779 cum
1296 1735 1578 1784 interventu

184 1813 356 1858 fiscalis
400 1812 695 1859 assistentiae
735 1812 1052 1869 inviandum,
1096 1820 1356 1874 operatum
1395 1814 1580 1877 regula-

186 1893 333 1937 tionis
376 1894 455 1938 hic
514 1893 974 1950 determinandum,
1028 1910 1119 1955 per
1169 1895 1383 1940 sedriam
1435 1895 1577 1942 subin

185 1974 467 2020 revideatur
486 2007 499 2030 ,
534 1980 579 2018 et
605 1972 858 2018 altioribus
887 1973 1005 2018 locis
1030 1975 1380 2021 substernatur·

312 2062 355 2103 4.
381 2054 812 2118 Quemadmodum
851 2061 988 2115 parte
1026 2054 1083 2099 ab
1114 2071 1210 2099 una
1248 2055 1576 2100 correctiones

185 2135 452 2179 urhariales
477 2167 491 2190 ,
528 2140 671 2195 atque
698 2134 826 2177 hunc
846 2134 908 2180 ,in
930 2135 1081 2179 finem
1121 2134 1448 2180 dimensiones
1485 2151 1578 2180 ses-

190 2213 385 2259 sionum
410 2213 751 2258 colonicalium
769 2246 783 2270 ,
820 2214 1183 2277 earundemque
1208 2231 1298 2277 pro
1323 2220 1575 2276 comperto

183 2294 558 2339 rectificationes
589 2293 876 2339 instituendi
914 2293 1106 2340 facultas
1152 2293 1384 2339 dominiis
1419 2300 1577 2338 terre-

187 2373 416 2418 stralibus
449 2374 500 2418 in
523 2375 650 2419 salvo
683 2373 981 2437 relinquitur
999 2407 1013 2430 ,
1049 2374 1115 2419 ita
1138 2383 1276 2436 parte
1305 2373 1364 2420 ab
1393 2373 1487 2418 alia
1511 2390 1572 2418 ne

187 2467 286 2495 sors
319 2451 625 2496 subditorum
655 2445 825 2497 hocin
854 2470 996 2515 passu
1015 2454 1220 2498 arbitrio
1250 2454 1565 2499 dominorum

185 2533 494 2577 terrestrium
514 2534 819 2590 comittatur,
856 2541 936 2578 aut
963 2533 1038 2578 illi
1070 2551 1125 2579 cx
1154 2535 1239 2579 tali
1264 2533 1572 2598 regulatione

187 2613 531 2671 quoquomodo
581 2614 935 2660 detrimentum
976 2614 1198 2676 capiant,
1260 2615 1461 2677 provide
1504 2630 1573 2659 se-

186 2688 384 2749 quentia
413 2698 520 2735 sunt
544 2693 858 2740 observanda.

319 2770 382 2813 Ut
423 2786 534 2815 cum
558 2778 800 2821 terrarum
843 2774 1104 2832 dimensio,
1139 2780 1184 2820 et
1222 2773 1346 2819 inter
1381 2773 1573 2820 colonos
