1669 3189
668 240 737 250 Μ
798 219 876 258 ’550
938 241 1006 249 m·-

158 321 366 367 factione
392 322 441 368 in
477 339 673 368 omnem
698 339 863 367 casum
889 324 1239 383 destituantur,
1274 330 1540 375 clementer

159 403 326 449 statuit
360 402 549 448 altesata
584 419 668 446 sua
694 402 924 462 Majestas
965 407 1317 463 sacratissima,
1354 417 1404 454 ut
1439 411 1537 472 pri-

153 500 290 528 mum
308 484 617 546 magistratus
657 483 984 530 comitatensis
1025 486 1244 532 dominos
1272 495 1541 546 terrestres,

154 579 362 626 quorum
390 563 613 608 videlicet
637 561 963 623 jurisdictioni
991 566 1105 611 dicti
1148 566 1336 612 liberae
1365 570 1542 631 migra-

151 642 297 687 tionis
329 641 485 687 coloni
511 651 665 688 semet
692 645 1035 704 subjecerunt,
1076 648 1204 691 serio
1237 647 1290 691 in
1335 665 1391 692 eo
1419 664 1546 692 com.

151 730 374 778 moneat,
414 739 507 784 quo
538 723 689 768 iidem
730 726 803 770 via
829 727 938 788 lege
989 728 1322 789 praescripta,
1371 727 1546 772 iisdem

152 803 352 850 subditis
382 804 561 849 intuitu
577 806 1026 866 querimoniarum,
1067 815 1112 852 et
1142 809 1540 868 praetensionum

157 898 357 926 suarum
397 898 593 928 omnem
637 883 1014 930 satisfactionem
1064 894 1359 948 procurent,
1409 893 1456 929 et
1504 885 1543 928 si

155 982 245 1009 nec
271 979 387 1025 erga
413 964 535 1008 hanc
562 967 1000 1012 commonitionem
1034 967 1080 1011 id
1107 968 1264 1012 facere
1296 973 1343 1010 et
1375 964 1549 1025 exequi

152 1045 364 1099 vellent,
402 1051 561 1089 attunc
587 1046 843 1108 negotium
867 1047 959 1091 hoc
999 1049 1284 1092 colonorum
1312 1046 1363 1090 in
1391 1045 1551 1091 sedria

147 1127 301 1188 ipsius
318 1126 572 1171 comitatus
590 1127 677 1171 sub
701 1126 960 1172 assistentia
981 1128 1332 1190 magistratuali
1355 1142 1438 1170 suo
1456 1141 1554 1168 mc-

153 1207 215 1250 do
242 1214 287 1250 et
308 1206 481 1250 ordine
499 1213 825 1250 assummatur
840 1239 852 1261 ,
886 1208 1200 1266 partibusque
1219 1204 1290 1264 jus
1315 1204 1557 1266 etjustitia

155 1286 317 1329 debite
359 1284 756 1338 administretur,
791 1290 843 1327 ut
869 1291 1030 1327 autem
1060 1285 1198 1330 laesis
1226 1294 1270 1330 et
1309 1284 1551 1337 injuriatis

156 1371 287 1408 tanto
327 1363 602 1424 promptius
643 1360 826 1421 justitia
860 1363 1265 1418 administretur,
1317 1367 1548 1427 ipsaeque

155 1459 326 1490 causae
361 1442 422 1486 ad
450 1442 618 1486 sedem
649 1443 947 1487 dominalem
988 1446 1285 1506 pertinentes
1334 1463 1390 1490 eo
1426 1447 1547 1490 cele-

152 1525 253 1568 rius
273 1530 646 1579 assummantur,
682 1539 734 1566 ac
751 1523 1054 1581 decidantur,
1089 1525 1300 1589 benigne
1323 1527 1423 1570 vult
1451 1542 1550 1570 cre-

157 1607 249 1650 bro
282 1621 470 1650 summe
505 1603 600 1649 sata
624 1604 851 1665 Maiestas
889 1622 972 1650 sua
1009 1606 1354 1662 sacratissima,
1404 1614 1454 1650 ut
1494 1606 1546 1650 in

155 1687 421 1749 majoribus
443 1685 674 1730 dominiis
708 1686 875 1747 quovis
899 1688 1009 1732 anni
1046 1690 1311 1750 quadrante
1338 1721 1350 1744 ,
1380 1688 1549 1743 semel,

156 1769 210 1814 in
244 1767 516 1812 minoribus
543 1783 659 1812 vero
709 1766 941 1813 dominiis
977 1768 1037 1812 ad
1076 1769 1342 1814 minimum
1394 1762 1547 1812 seme-l

156 1850 209 1894 in
237 1865 361 1892 anno
402 1849 537 1890 sedes
589 1845 856 1891 dominales
907 1846 1107 1908 praevie
1140 1855 1303 1891 tamen
1343 1847 1547 1892 subditis

156 1929 482 1991 publicandae
511 1928 862 1984 celebrentur,
897 1927 947 1971 in
980 1927 1054 1971 his
1088 1927 1395 1972 subditorum
1436 1924 1549 1989 qu'e-

159 2008 403 2053 rimoniae
432 2014 480 2052 et
507 2006 791 2070 gravamina
819 2006 1079 2051 audiantur
1098 2041 1109 2062 ‚
1145 2006 1426 2068 justitiaque
1469 2008 1546 2053 iis-

161 2088 275 2133 dem
312 2088 706 2143 administretur,
754 2103 905 2148 porro
949 2104 1071 2148 opus
1115 2087 1239 2132 sedis
1285 2087 1547 2132 dominalis

162 2184 362 2230 semper
390 2168 441 2212 in
477 2165 640 2212 sedria
666 2165 936 2221 reseratur,
973 2181 1092 2228 quae
1139 2164 1177 2209 si
1222 2163 1269 2209 in
1306 2167 1548 2213 revisione

159 2248 305 2310 hujus
340 2246 499 2309 operis
530 2245 831 2308 compererit
872 2243 1063 2290 rusticis
1101 2247 1382 2308 quampiam
1423 2246 1548 2309 inju-

160 2328 287 2371 riam
308 2327 494 2371 illatam
528 2341 659 2382 esse,
694 2342 785 2387 pro
816 2342 868 2370 re
899 2334 1148 2387 comperta
1170 2343 1227 2371 ex
1255 2327 1416 2373 officio
1443 2343 1548 2374 con-

169 2406 370 2469 dignum
399 2405 682 2450 remedium
705 2411 866 2466 ponat.

289 2485 347 2528 Et
369 2485 488 2530 haec
515 2493 624 2530 sunt
655 2501 778 2548 quae
794 2485 1111 2547 praetitulatis
1135 2485 1547 2534 dominationibus

160 2564 331 2611 vestris
351 2564 483 2609 hisce
518 2565 576 2608 de
602 2566 647 2609 b.
676 2564 810 2626 jussu
850 2564 989 2627 regio
1022 2565 1289 2629 significat,
1337 2575 1545 2632 notaque

160 2646 357 2702 reddit,
396 2661 448 2689 ac
477 2661 571 2689 una
591 2635 781 2691 intimat
811 2645 1079 2691 Consilium
1109 2648 1201 2692 hoc
1223 2649 1549 2696 locumtenen-

162 2728 278 2772 tiale
307 2727 523 2789 regium,
560 2732 612 2769 ut
647 2726 696 2770 in
730 2726 1007 2788 praemissis
1054 2728 1344 2773 declaratam
1376 2731 1421 2777 b.
1471 2749 1545 2777 vo-

161 2809 400 2854 luntatem
429 2807 616 2870 regiam
638 2840 652 2864 ,
689 2824 838 2871 eaque
862 2809 1027 2857 omnia
1070 2827 1124 2856 ea
1163 2829 1271 2858 cum
1314 2812 1542 2858 exactitu-
