1669 3189
612 124 956 176 vsu-465-n

94 252 161 263 ——
195 230 400 274 alteram
444 238 606 277 autem
654 233 933 291 rubricam,
984 247 1104 295 quae
1143 232 1204 277 ob
1243 232 1493 282 desectum

104 309 480 370 emptionalium
513 319 593 357 aut
622 311 1064 359 investitionalium
1087 313 1301 358 insensu
1334 315 1383 360 h.
1412 332 1490 360 ur-

93 387 294 435 barialis
347 391 674 453 dispositionis
729 392 865 453 juxta
912 393 1126 440 defixum
1177 393 1490 441 reluitionale

94 478 304 532 systema
318 470 498 515 factam
521 471 809 515 solutionem
832 472 1113 533 conspectui
1137 472 1274 519 sistit.
1311 476 1491 520 Instru-

89 559 317 596 mentum
344 566 494 610 super
522 548 692 594 solutis
717 551 922 595 summis
949 551 1118 596 levatis
1159 570 1251 614 per
1293 542 1490 601 colonos

91 629 356 687 subscribi,
393 637 442 674 et
478 645 570 692 per
605 630 839 676 exmissos
866 631 1259 694 magistratuales
1281 665 1297 692 ,
1349 652 1401 680 ac
1426 638 1491 682 le-

89 711 197 772 gale
224 710 565 756 testimonium
592 725 842 773 peraeque
880 712 1237 774 subscriptione
1262 717 1492 762 roborari

91 790 256 836 debet.
1495 801 1497 804 ’

222 871 320 915 NB.
355 870 595 933 Respectu
623 868 1076 934 extirpaturarum,
1119 889 1240 936 quae
1274 882 1382 922 ante
1416 892 1492 922 ex-

88 951 414 1009 solutionem,
452 959 499 996 et
530 953 888 998 resolutionem
935 953 1274 999 sessionalibus
1320 956 1489 1001 consti-

86 1031 254 1076 tutivis
283 1032 501 1095 adjectae
519 1041 657 1091 sunt,
694 1050 785 1095 pro
805 1034 1078 1096 praeterito
1110 1034 1244 1096 ipsae
1273 1036 1492 1082 urbaria-

85 1114 154 1159 les
188 1113 537 1176 praestationes
555 1146 571 1172 ,
607 1116 740 1159 velut
763 1115 983 1174 indebite
1004 1122 1193 1161 exactae
1219 1116 1486 1162 refundan-

81 1200 192 1249 tur,
244 1202 292 1238 et
318 1194 520 1256 insuper
564 1210 750 1240 merces
785 1193 1206 1256 extirpatur-arum
1257 1196 1490 1241 bonifice-

84 1281 183 1320 tur.
219 1275 313 1318 Die
359 1287 430 1322 12.
467 1275 640 1320 novbr.
685 1278 822 1322 1776.
869 1291 979 1319 nro.
1028 1284 1171 1324 5813.
1223 1276 1494 1322 Com'itatui

85 1352 721 1414 Lyptoviensiintimatum.
791 1353 838 1397 Si
863 1354 1083 1399 subditus
1107 1357 1369 1416 pecuniam
1396 1375 1489 1420 pro

86 1433 316 1494 adempta
364 1433 508 1476 domo
527 1465 541 1488 ‚
591 1439 638 1477 et
661 1432 1008 1479 bonificatione
1030 1435 1178 1495 pretii
1211 1434 1365 1482 factae
1394 1455 1486 1500 per

86 1514 302 1559 eundem
343 1511 675 1573 extirpaturae
723 1512 1066 1558 obvenientem
1108 1515 1270 1560 levare
1310 1518 1483 1574 nollet,

82 1595 292 1657 pecunia
325 1595 387 1639 ad
413 1611 595 1640 cassam
637 1595 899 1639 comitatus
928 1594 981 1638 in
1014 1602 1198 1640 sortem
1233 1595 1484 1643 contribu-

83 1671 230 1720 tionis
267 1692 359 1737 per
400 1676 611 1721 eundem
642 1674 895 1720 subditum
931 1675 1219 1736 pendendae
1249 1677 1490 1738 imputan-

86 1754 146 1797 da
173 1756 478 1816 deponatur,
524 1753 797 1816 quietantia
831 1770 922 1815 per
948 1755 1196 1800 levantem
1236 1764 1489 1819 percepto..

84 1852 194 1880 rem
222 1835 518 1890 extradetur,
557 1834 726 1897 vigore
758 1826 1068 1879 resolutionis
1091 1837 1204 1881 anni
1239 1846 1380 1889 1785.
1409 1847 1482 1887 18.

84 1914 211 1976 julii,
236 1930 341 1960 nro.
370 1921 512 1964 8534.

212 1995 267 2038 In
293 1994 517 2039 omnibus
543 2000 707 2038 autem
731 1993 1036 2056 processibus
1078 1999 1283 2050 natura,
1331 2003 1380 2042 et
1413 1998 1486 2042 in-

83 2075 213 2120 doles
277 2075 695 2137 extirpaturarum
758 2075 918 2121 debite
982 2074 1077 2119 erit
1135 2073 1352 2120 eruenda
1427 2083 1476 2121 et

81 2155 370 2218 deligend-‘213
429 2163 571 2218 atque
609 2156 665 2200 ad
728 2155 879 2211 illud,
940 2156 1067 2218 quod
1129 2156 1354 2216 antiquae
1410 2172 1486 2200 ex-

80 2237 352 2298 tirpaturae
419 2253 554 2281 suam
610 2236 864 2298 propriam
906 2237 1215 2291 amittentes,
1252 2243 1485 2283 naturam

80 2325 327 2363 terrarum
351 2316 787 2364 remanentialium
817 2315 1067 2370 imbuant,
1113 2330 1306 2377 semper
1350 2318 1485 2363 refle-

82 2398 337 2457 ctendum3
382 2408 555 2444 natura
597 2398 732 2443 enim
789 2396 1209 2457 extirpaturarum
1247 2399 1485 2457 perennis

79 2492 180 2524 non
208 2487 308 2535 est,
345 2481 451 2524 etsi
481 2477 879 2541 praescriptionis
922 2477 1036 2521 anni
1077 2483 1273 2521 eatenus
1311 2478 1486 2524 admit.

79 2566 278 2615 tuntur‚
320 2561 379 2604 ad
428 2561 631 2605 classem
668 2560 791 2603 hanc
824 2573 920 2602 non
955 2556 1230 2617 improprie
1263 2558 1485 2602 revocari

79 2646 331 2701 poterunt.
404 2641 624 2683 Fortasse
655 2655 712 2682 ex
741 2638 830 2682 hoc
864 2635 1110 2698 principio
1140 2636 1379 2681 emanavit
1404 2637 1484 2681 be-

80 2718 229 2783 nigna
249 2720 484 2766 resolutio
529 2720 667 2783 regia
690 2719 739 2765 in
762 2733 996 2780 processu
1026 2716 1261 2764 urbariali
1289 2718 1478 2763 colono.

1079 2795 1184 2861 Ge
